3076 4868
484 387 794 462 Auxanum
819 388 934 462 Ltn.
959 377 1027 464 XI.
1073 411 1077 422 ·
1185 412 1238 491 ἰς

255 567 290 608 “
305 561 467 638 infenhirs
488 590 590 640 arma.
608 585 730 670 contra
753 565 899 665 patriam
915 593 962 641 ac
973 567 1058 640 deos
1085 587 1241 665 penates,

259 689 288 726 “
305 685 415 780 quam
438 707 617 784 parentem
639 685 724 787 ejus,
749 687 975 762 exercuiffefl’

304 807 421 882 XVII.
447 809 526 880 Hrs
546 833 682 895 Araura
701 809 842 899 talibus,
865 835 1011 907 magnas
1026 811 1144 910 copias
1160 817 1243 886 coE·

225 927 231 934 ’
256 929 364 1024 gere:
383 953 448 1002 nec
465 929 644 1028 pauciores
660 929 821 1006 Italicum
837 930 1077 1028 sequebantur.
1116 935 1243 1006 “Non

255 1053 289 1108 -“
306 1049 402 1144 enim
426 1048 593 1147 inrupiffe
609 1051 654 1123 ad
671 1049 811 1140 invitos,
836 1051 895 1128 sed
912 1052 1087 1126 accitum'’
1104 1072 1242 1128 memo-

257 1171 402 1247 rabant:
431 1178 459 1218 “
478 1173 622 1268 quando
639 1170 817 1244 nobilitate
834 1191 967 1246 ceteros
989 1172 1146 1264 anteiret,
1170 1174 1241 1246 vir-

259 1296 288 1332 “
306 1310 421 1366 tutem
446 1291 697 1384 experirentur,
725 1315 771 1362 an
794 1290 944 1388 dignum
971 1291 1004 1368 se
1029 1314 1150 1389 patruo
1172 1299 1242 1368 Ar-

260 1416 289 1458 “
309 1407 434 1496 minio,
458 1433 527 1480 avo
543 1409 743 1497 Catumer0,
772 1412 953 1505 preberet.
1001 1414 1080 1485 Nec
1106 1433 1246 1516 patrem

259 1535 289 1572 “
306 1526 438 1616 rubori,
468 1525 564 1625 qubd
582 1529 691 1601 fidem
713 1531 878 1606 adversus
896 1534 1092 1622 Romanos,
1120 1536 1242 1608 volen-
1307 1601 1309 1606 .

258 1655 285 1690 ‘⁴
304 1647 403 1736 tibus,
413 1646 611 1737 Germanis,
630 1645 817 1746 sumptam,
844 1675 1039 1749 numquam
1055 1637 1239 1728 omisisset*

257 1775 285 1810 “
303 1767 390 1844 falso
418 1768 580 1842 libertatis
612 1771 827 1844 vocabulum
859 1771 1004 1844 obtendi
1026 1775 1071 1848 ab
1093 1774 1147 1865 iis,
1179 1776 1249 1873 qui·

256 1897 285 1932 “
306 1889 470 1986 privatim
490 1891 695 1990 degeneres,
719 1890 755 1964 in
779 1891 962 1988 publicum
981 1892 1127 1985 exitiosi,
1151 1895 1240 1969 nihil

255 2017 285 2056 “
303 2010 388 2108 spei,
405 2011 467 2088 nih
484 2036 546 2107 per
565 2009 752 2096 discordias
767 2011 954 2082 habeant.'’
1004 2013 1240 2112 Adstrepebat

170 2217 175 2225 Ι
255 2131 337 2204 huic
354 2131 466 2204 alacre
482 2131 611 2228 vulgus
626 2158 637 2214 ;
663 2133 696 2200 &
714 2154 846 2225 magno
864 2129 951 2201 inter
967 2131 1131 2204 barbaros
1147 2161 1239 2231 proe-

255 2251 304 2324 lio
321 2251 435 2324 vietor
451 2276 537 2334 rex3
566 2248 651 2320 dein
666 2232 969 2336 secundellortunrl
983 2250 1026 2320 ad
1045 2248 1240 2345 superbiam

257 2371 450 2468 prolapsus,
481 2367 677 2468 pulsusque,
711 2395 752 2442 ac
779 2368 891 2443 rursus
920 2371 1239 2468 Langobardorum

254 2491 382 2588 opibus
404 2490 562 2580 refectus,
598 2517 659 2591 per
681 2491 775 2580 lata,
798 2515 861 2589 per
886 2489 1041 2583 adversa,
1070 2517 1124 2564 res
1148 2493 1239 2566 Che-

254 2607 369 2692 tuscas
384 2612 596 2688 adflidabat.
933 2693 936 2698 ,

302 2735 437 2808 XVIII.
463 2736 543 2806 Pan
561 2733 657 2807 idem
673 2752 814 2830 tempus
833 2732 980 2823 Chauci,
997 2735 1092 2808 nulla
1112 2735 1237 2808 diffen-

254 2855 347 2928 fione
363 2853 477 2943 domi,
501 2860 535 2927 δι
554 2875 667 2928 morte
691 2852 872 2950 Sanquinii
886 2855 1028 2944 alacres,
1045 2856 1134 2928 dum
1151 2858 1237 2930 Cor-

256 2972 342 3044 bulo
358 2973 533 3064 adventat,
552 2973 748 3047 inferiorem
765 2974 989 3048 Germaniam
1006 2974 1235 3067 incursavdre‚

253 3093 347 3164 duce
359 3091 540 3164 Gannasco
557 3122 566 3164 ι
586 3093 646 3190 qui
664 3092 804 3166 natione
820 3093 1029 3168 Canninefas
1044 3095 1235 3188 auxiliaris,
1293 3143 1297 3155 ι

255 3216 291 3286 &
320 3211 383 3284 diu
410 3210 566 3300 meritus,
597 3213 673 3309 post
701 3212 893 3312 transfuga,
923 3214 1059 3311 levibus
1089 3215 1237 3314 navigiis
1293 3279 1296 3288 .

255 3333 529 3431 praedabundus,
553 3334 737 3406 Gallorum
761 3333 916 3406 maxime
939 3361 1036 3410 oram
1066 3335 1235 3426 vastabat,
1319 3394 1331 3412 a

255 3481 329 3535 non
357 3454 496 3553 ignarus
522 3451 611 3526 dites
636 3456 670 3524 ὅτ
691 3452 849 3542 imbelles
870 3457 948 3527 elle.
998 3461 1049 3529 At
1080 3457 1235 3530 Corbulo

257 3575 471 3674 provinciam
494 3573 676 3672 ingreffus‚
702 3579 833 3674 magnai·
849 3601 936 3659 cum
963 3579 1059 3668 cura,
1090 3582 1124 3650 ἃ
1149 3603 1236 3656 mox

257 3696 381 3796 gloria,
411 3696 467 3770 cui
500 3692 709 3793 principium
732 3695 791 3768 illa
819 3694 943 3768 militia
971 3694 1052 3786 fuit,
1082 3697 1235 3772 triremes

255 3819 355 3902 alveo
368 3817 500 3908 Rheni,
528 3837 655 3928 ceteras
671 3815 830 3906 navium,
849 3835 889 3889 ut
914 3824 1073 3918 quaeque'
1087 3817 1234 3908 habiles,
