3076 4868
97 669 98 672 ψ
283 617 350 734 o
475 615 1252 740 oouunnm

354 807 1082 1008 ’ΤΑΟΙΤΙ

398 1173 1139 1274 ANNALES.

415 1449 629 1524 Lrnnn
675 1445 1123 1522 uuuncrnrus

279 2074 288 2094 .
339 2034 351 2092 .’
397 2021 498 2104 ΝΛΜ
517 2023 740 2096 Vnunnrunt
759 2019 963 2110 Afiaticum,
990 2020 1044 2095 bis
1067 2020 1257 2112 consulem,

277 2139 373 2214 fuiffe
389 2141 588 2238 -quondam
620 2117 819 2214 adulterum
853 2138 926 2237 ejus
958 2140 1128 2212 credidit:
1169 2143 1259 2238 pari·

276 2280 401 2364 terque
418 2259 527 2336 hortis
552 2258 700 2348 in'hians,
727 2285 815 2357 quos
839 2257 899 2330 ille
916 2285 936 2332 a
953 2259 1107 2334 Lucullo
1124 2282 1260 2358 coeptos

276 2381 401 2481 infigni
438 2379 698 2478 magnificentias
729 2381 940 2470 extollebat,'
968 2377 1117 2452 Suilium
1157 2404 1259 2452 accu-

276 2499 387 2578 sandis
427 2485 577 2602 utrisque
610 2500 778 2576 immittit.
844 2497 1062 2598 Adjungitur
1097 2499 1259 2590 Sosibius,

173 2643 177 2652 ’
277 2621 464 2696 Britannici
503 2623 683 2712 educator,
732 2621 793 2720 qui
827 2647 889 2719 per
920 2619 1069 2718 speciem
1105 2620 1260 2692 benevo-
1341 2693 1347 2704 ,

276 2743 391 2821 lentiae
420 2763 577 2817 moneret
609 2742 813 2832 Claudium,
841 2749 869 2784 “
895 2766 1016 2814 cavere
1049 2740 1124 2844 vim
1156 2760 1262 2836 atque
1313 2741 1317 2748 ’

278 2871 306 2908 “
325 2890 409 2959 opes
424 2863 646 2960 Principibus
663 2860 809 2935 infensas
823 2877 831 2932 i
853 2861 1068 2958 praecipuum
1081 2862 1261 2934 auctorem

280 2977 308 3022 “
327 2981 518 3055 Asiaticum
535 2979 767 3056 interficiendi
792 2981 948 3070 Caesaris,
977 3007 1046 3056 non
1064 2981 1261 3058 extimuisse

182 3149 187 3158 -
255 3200 257 3209 Δ
280 3097 552 3177 “inconcione
579 3099 880 3206 populi'Rornani
903 3098 1018 3191 fateri,
1042 3101 1263 3200 gloriamque

155 3211 160 3224 ’
220 3207 222 3214 ’
280 3205 487 3294 “facinoris
509 3220 604 3296 ultro
628 3240 765 3318 petere:
790 3223 924 3298 clarum
953 3247 997 3294 ex
1022 3247 1065 3294 eo
1086 3221 1122 3296 in
1143 3225 1259 3314 Urbe,
1308 3307 1309 3314 ἵ

280 3348 308 3384 “
327 3339 437 3419 didita
462 3365 524 3438 per
541 3341 733 3437 provincias
750 3339 856 3433 sami,
883 3367 1004 3439 parare
1021 3340 1083 3414 iter
1109 3343 1154 3416 ad
1172 3345 1262 3416 Ger·

280 3468 307 3506 “
326 3460 482 3536 manicos
516 3459 711 3552 exercitus3
746 3463 889 3560 quando
926 3461 1063 3562 genitus
1100 3462 1260 3554 Vienna,
1340 3448 1342 3456 ⁵

249 3573 256 3589 ⁸
280 3588 308 3623 “
327 3581 511 3680 multisque
530 3586 564 3654 δε
589 3581 712 3655 validis
739 3581 1055 3681 propinquitatibus
1079 3580 1260 3671 subnixus,

281 3706 472 3777 “turbare
501 3701 646 3802 gentiles
674 3703 830 3779 nationes
851 3723 1056 3800 promptum
1084 3704 1263 3776 haberet.”
1347 3761 1350 3768 .

282 3827 334 3903 At
349 3811 531 3916 Claudius,
558 3821 646 3900 nihil
662 3823 752 3896 ultra
778 3821 959 3916 scrutatus,
988 3822 1063 3898 citis
1090 3825 1173 3897 cum
1196 3821 1262 3896 mi-
1374 3843 1389 3858 ²

693 3945 816 4018 ’ΒΖ
