3120 4860
457 379 758 480 AuuApruM
792 377 903 484 Lrsl.
937 379 1019 454 XV.
1176 406 1242 482 195

267 576 396 648 meatu,
442 557 476 628 &
510 557 658 632 instante
690 555 765 656 jam
793 557 923 648 hieme,
948 555 1088 630 reduxit
1116 561 1247 634 exerci-

266 697 368 766 tum;
410 677 678 778 composuitque
712 679 757 754 ad
790 677 963 754 Caesarem
996 657 1122 770 literas,
1152 685 1248 778 quasr

265 798 429 900 confesto
446 801 554 890 bello,
582 799 697 876 verbis
721 800 931 900 magnificis,
950 825 1067 876 rerum
1083 825 1222 874 vacuas.

312 924 380 996 IX.
416 923 595 996 luraasnr
629 922 788 999 Corbulo
822 907 1017 1019 numquam
1047 923 1245 1020 neglectam

265 1041 454 1139 Euphratis
479 1041 591 1140 ripam
624 1037 859 1134 crebrioribus
891 1043 1055 1142 praefidiis
1094 1039 1216 1114 insedit
1233 1069 1250 1121 ε,
1357 1122 1362 1132 ,

266 1167 316 1253 &,
352 1189 396 1237 ne
435 1163 536 1261 ponti
568 1161 757 1260 injiciendo
784 1164 1078 1263 impedimentum
1111 1163 1249 1241 hostiles
1320 1216 1324 1229 .

217 1357 222 1372 ,
264 1302 389 1358 turmae
420 1285 601 1373 afferrent,
638 1282 733 1382 (jam
778 1285 873 1360 enim
916 1285 1074 1385 subjectis
1114 1285 1247 1383 campis

265 1407 394 1503 magn&
411 1403 523 1503 specie
540 1405 749 1502 volitabant)
773 1433 880 1509 naves
898 1406 1142 1510 magnitudine
1159 1433 1248 1504 prae-

265 1523 402 1632 llantes,
423 1530 458 1600 ἃ.
475 1553 651 1602 connexas
667 1527 838 1619 trabibus,
872 1553 914 1601 ac
943 1528 1092 1602 turribus
1117 1529 1247 1616 audas,

169 1718 177 1738 ⁸
264 1643 340 1744 agitv
354 1645 420 1742 'per
431 1657 591 1738 amnem,
615 1647 865 1746 catapultisque
892 1653 926 1722 &
955 1649 1083 1724 balistis
1107 1668 1246 1745 protur-

264 1767 326 1839 bat
344 1768 519 1858 barbaros,
543 1768 580 1840 in
598 1794 686 1866 quos
704 1767 785 1845 saxa
815 1774 849 1842 u
884 1768 990 1845 hastae
1009 1769 1151 1868 longius
1168 1795 1246 1868 per-

264 1889 440 1990 meabant,
488 1889 613 1987 quam
630 1910 670 1964 ut
700 1889 876 1964 contrario
909 1889 1110 1988 sagittarum
1148 1888 1247 1987 jactu

264 2009 541 2108 adaquarentur.
591 2009 686 2082 Dein
719 2035 808 2106 pons
842 2009 1088 2094 continuatus;
1129 2012 1248 2084 colles-

264 2155 334 2228 que
362 2132 493 2204 adversr
528 2153 589 2225 per
623 2127 728 2202 socias
761 2129 934 2217 cohortes,
961 2126 1038 2224 post
1067 2122 1250 2228 legionum
1367 2168 1373 2178 ·

262 2250 378 2326 castris
399 2268 629 2346 occupantur,
656 2251 751 2322 tanta
767 2246 950 2324 'celeritate
968 2251 1001 2323 δι
1019 2247 1249 2324 ostentatione

227 2393 230 2412 ·
264 2371 409 2459 virium,
451 2388 493 2441 ut
540 2355 670 2458 Parthi,
703 2368 830 2444 omisso
877 2388 997 2466 paratu
1039 2369 1249 2446 invadenda
1302 2402 1303 2406 ¹

229 2525 231 2530 ’
265 2488 385 2586 Syriae,
412 2487 510 2586 spem
534 2469 678 2567 omnem
693 2490 740 2564 -in
765 2490 973 2566 Armeniam
998 2511 1182 2566 verterent.

313 2613 363 2684 X.
389 2612 448 2686 Isr
477 2612 606 2702 Paetus,
633 2611 896 2688 imminentium
923 2610 1069 2704 nescius,
1088 2613 1249 2710 quintam

266 2731 445 2831 legionem
475 2734 598 2830 procul
630 2732 667 2806 in
699 2737 818 2808 Ponto
855 2735 1016 2808 habebat.
1079 2735 1249 2832 Reliquas

264 2852 468 2951 promiscuis
496 2854 651 2928 militum
700 2855 952 2933 commeatibus
987 2855 1248 2942 infirmaverat3
1295 2838 1298 2842 ⁵

264 2974 393 3064 donee,
424 2974 612 3070 adventare
640 2974 836 3076 Vologesen
869 3003 1001 3077 magno
1039 2981 1073 3050 δι
1117 2975 1250 3052 insenso
1362 3062 1364 3066 .

264 3094 421 3193 agmine,
454 3096 625 3172 auditum.
677 3099 825 3173 Accitur
841 3100 934 3197 legio
950 3097 1176 3190 duodecima,
1196 3103 1245 3189 ὅτ,

264 3217 360 3290 undo
389 3213 519 3292 sarnam
549 3217 641 3293 autri
670 3219 842 3294 exercitiis
874 3219 1082 3318 speraverat,
1111 3205 1251 3318 prodiia

264 3335 518 3435 infrequentia:
543 3342 612 3438 qua
632 3360 749 3418 tamen
776 3341 916 3418 retineri
940 3341 1062 3432 castra,
1088 3345 1122 3416 &
1149 3341 1245 3416 eludi

264 3460 412 3534 Parthus
442 3462 556 3534 traslu
581 3461 664 3536 belli
696 3483 843 3560 poterat,
868 3465 1007 3538 srPaeto
1031 3483 1090 3538 aut
1114 3463 1151 3536 in
1171 3462 1252 3554 suis,

264 3600 325 3654 aut
357 3580 393 3655 in
419 3581 539 3656 alienis
573 3581 718 3661 confiliis
736 3583 926 3660 constantia
942 3583 1067 3666 suisset.
1117 3584 1250 3670 Verum

263 3700 326 3776 ubi
354 3729 375 3778 a
406 3702 485 3779 viris
524 3703 730 3779 militaribus
759 3705 921 3780 adversus
949 3727 1112 3806 urgentes
1157 3707 1254 3786 casus

267 3823 423 3902 firmatus
439 3843 525 3934 erat,
541 3824 666 3919 rursus,
694 3853 738 3900 ne
762 3826 882 3902 aliena
900 3825 1075 3907 sententia
1090 3827 1254 3932 indigens

728 3949 811 4026 Oa
