3006 4866
330 393 402 494 326
519 383 1111 498 C.Coauas11Taer'rr
1170 436 1173 446 ι

331 563 428 638 sunt:
455 562 510 638 seu
524 561 673 642 durante
695 560 842 659 originis
858 561 918 650 vi;
940 560 1013 652 seu,
1033 559 1355 660 procurrentibus

331 685 369 760 in
393 681 524 759 diversa
545 682 654 772 terris,
675 683 799 780 positio
820 683 897 756 caeli
921 683 1126 782 corporibus
1154 681 1351 778 habitunt

330 804 450 880 dediti
477 803 514 876 in
539 803 743 878 universum
767 825 886 882 tamen
907 803 1104 896 aestimanti,
1121 805 1267 880 Gallos
1287 803 1346 878 vi·

329 925 448 1000 einum
464 924 578 1000 solum
595 929 792 1024 oocupalle‚
809 925 974 1022 credibile
996 925 1067 1000 ests
1109 927 1266 1000 Eorum
1286 922 1345 997 sa-

328 1071 386 1122 cra
409 1048 664 1144 deprehendas,
692 1045 972 1144 superstitionum
985 1045 1238 1144 persuafione:
1272 1043 1345 1118 ser·

328 1193 389 1248 mo
410 1169 507 1242 haud
534 1169 689 1244 multum
718 1167 891 1244 diversus:
922 1169 958 1242 in
973 1165 1206 1266 deposcendis
1237 1165 1341 1266 peri-

329 1290 415 1364 culis
432 1291 557 1364 eadem
573 1289 734 1378 audacia;
759 1295 808 1381 δι,
836 1289 899 1366 ubi
923 1291 1110 1379 advenere,
1127 1288 1166 1362 in
1182 1290 1342 1362 detrec·

329 1410 445 1486 randis
467 1413 600 1498 ¹eadem
628 1407 807 1487 formido:
836 1413 914 1508 plus
936 1432 1054 1488 tamen
1080 1409 1227 1484 ferociae
1257 1405 1339 1482 Bri-¹

330 1531 428 1608 tanni
445 1530 642 1629 praeferunt,
660 1552 699 1608 ut
715 1559 802 1629 quos
814 1536 975 1606 nondum
992 1534 1099 1630 longa
1115 1555 1187 1628 pax
1209 1530 1336 1605 ernol-
1454 1540 1456 1592 ί

322 1633 443 1726 lieris:
466 1677 548 1726 nam
567 1653 688 1726 Gallos
704 1678 849 1749 quoque
873 1651 910 1725 in
927 1651 1027 1726 bellis
1051 1651 1204 1726 flomiffe
1225 1675 1337 1726 acce·
1454 1699 1457 1737 s

331 1750 470 1868 pimus:
490 1795 576 1842 mox
592 1768 829 1866 segnitiacum
846 1771 919 1845 otio
931 1770 1088 1860 intravit,
1107 1771 1238 1848 amissa
1258 1772 1336 1846 vir-

328 1909 402 1964 tute
423 1886 547 1986 pariter
564 1911 606 1962 ac
623 1873 802 1964 libertate:
834 1891 932 1988 quod
955 1891 1201 1966 Britannorum
1233 1893 1335 1970 olim
1459 1951 1460 1986 ᾗ

251 2036 253 2044 ’
327 2008 427 2086 vietis
444 2007 583 2086 evenit:
604 2007 707 2083 ceteri
724 2029 878 2102 manent,
894 2013 1013 2110 quales
1030 2011 1124 2084 Galli
1138 2011 1311 2087 fuerunt.
1458 1999 1460 2086 l

377 2132 461 2205 Xll.
487 2132 531 2205 lu
556 2133 711 2207 Panna
740 2133 866 2204 robur:
884 2229 886 2238 Ι
904 2133 1067 2230 quaedam
1097 2133 1263 2208 nationes
1294 2135 1329 2210 δι
1459 2225 1460 2238 ¹

329 2277 433 2327 curru
450 2250 679 2351 proeliantur:
710 2251 886 2330 honestior
908 2253 1042 2353 auriga,
1070 2253 1215 2328 clientes
1241 2279 1327 2352 pro·
1450 2243 1460 2307 s

267 2459 270 2468 y
330 2393 514 2472 pugnant:
544 2372 631 2448 olim
648 2373 788 2471 regibus
813 2377 994 2472 parebant,
1021 2401 1115 2450 nunc
1133 2402 1196 2475 per
1223 2376 1321 2475 prin·

328 2495 422 2591 cipes
450 2491 661 2568 fadionibus
688 2500 723 2571 δι
754 2494 872 2569 studiis
899 2499 1108 2572 trahuntur:
1131 2523 1200 2571 nec
1221 2497 1320 2572 aliud

327 2615 489 2690 adversus
522 2614 744 2703 validiffinras
784 2635 903 2714 gentes
945 2644 1009 2716 pro
1050 2618 1151 2693 nobis
1182 2618 1317 2707 utilius,

328 2737 438 2834 quam
463 2733 559 2836 qudd
584 2735 621 2807 in
646 2762 836 2810 commune
857 2763 930 2811 non
955 2737 1165 2817 consulunr..
1200 2745 1316 2814 Rarus

327 2858 465 2941 duabus
482 2856 632 2932 tribusve
642 2857 856 2949 eivitatium,
869 2860 915 2932 ad
931 2860 1206 2958 propulsandum
1218 2845 1314 2936 com·

328 3004 434 3054 mune
451 2978 647 3076 periculum
665 3000 880 3058 conventus:
899 2980 960 3072 ita,
974 2982 1062 3056 dum
1079 2984 1205 3082 finguli
1223 3007 1312 3081 pug-

326 3122 425 3191 nant,
455 3101 604 3174 universr
623 3100 825 3178 vitreuntur.
875 3101 1013 3175 Caelum
1038 3103 1167 3178 crebris
1192 3099 1309 3178 imbri-

325 3222 390 3294 bus
406 3247 448 3303 ac
470 3221 606 3298 nebulis
628 3218 791 3296 foedum:
820 3219 983 3320 asperitas
1008 3222 1179 3324 frigorum
1209 3222 1308 3300 abest<

325 3339 476 3420 Dictum
503 3341 610 3438 spatia
633 3345 722 3418 ultra
749 3343 854 3416 nostri
877 3345 971 3418 orbis
993 3345 1210 3422 mensuram:
1242 3367 1309 3419 nox

325 3461 431 3550 clara,
459 3467 494 3536 δι
511 3465 670 3538 extremi
687 3463 867 3540 Britanniae
886 3487 984 3563 parte
998 3466 1128 3558 brevis,
1147 3488 1187 3544 ut
1205 3470 1306 3542 finem

240 3613 244 3624 ³
326 3599 429 3688 atque
445 3581 584 3656 initium
604 3584 690 3658 lucis
716 3585 849 3684 exiguo
872 3585 1071 3663 discrimine
1093 3585 1304 3668 internoscat.

327 3709 354 3748 “
373 3701 481 3799 Quid
507 3705 530 3776 sr
547 3707 657 3779 nubes
674 3732 745 3778 non
763 3706 936 3810 officiantp
952 3706 1057 3806 aspici
1084 3734 1145 3806 per
1169 3709 1303 3782 nodem

325 3829 354 3876 “
370 3824 459 3905 Solis
475 3821 665 3932 fulgorem,
697 3852 763 3908 nee
789 3829 951 3908 occidere
975 3835 1009 3906 a
1039 3829 1234 3930 exsurgere,
1251 3824 1303 3904 sed
