3120 4860
328 390 399 440 200
561 359 907 432 moinum
938 355 1140 430 Tncrrr

329 561 477 635 quorum
509 536 727 610 simulacrum
743 535 789 608 ab
806 530 981 606 Armeniis
1001 513 1213 628 ¹usurpatum
1246 527 1311 604 est.

310 659 551 753 Namque&
584 656 802 732 munimenta
829 655 967 754 ingressr
995 653 1086 743 sunt,
1116 671 1310 760 antequam
1389 694 1392 702 ·

326 801 455 874 agmen
493 781 699 852 Romanum
731 778 913 850 excederet
925 805 937 862 ;
978 781 1012 849 δι
1054 771 1308 847 circumstetdre

325 896 411 985 vias,
439 896 579 994 captiva
594 872 681 972 olim
710 898 896 996 mancipia,
921 915 980 970 aut
999 895 1160 994 jumenta
1183 889 1306 990 agnos·
1382 919 1385 923 “

325 1037 455 1106 centes,
490 1015 802 1118 abstrahentesque.
869 1022 998 1116 Raptae
1017 1031 1019 1042 “
1038 1015 1143 1090 etiam
1184 1012 1304 1102 vestes,
1356 1011 1362 1018 ’

325 1157 457 1212 retenta
484 1165 595 1230 arma,
626 1139 758 1238 pavido
787 1139 911 1230 milite,
941 1141 975 1214 be
1004 1137 1232 1226 concedente,
1262 1159 1312 1224 ne·

326 1284 397 1356 qua
424 1259 538 1358 proelii
558 1260 667 1346 „causa
696 1259 877 1334 exsisteret.
918 1251 1119 1365 Vologeses,
1144 1251 1249 1330 arinis
1272 1259 1306 1328 ὅτ
1344 1287 1350 1294 ·

326 1378 536 1476 corporibus
554 1380 720 1456 caesorum
735 1378 945 1480 aggregatis,
970 1379 1042 1478 qui)
1066 1378 1202 1453 cladem
1228 1373 1305 1451 nofe

326 1521 416 1574 tram
434 1501 623 1591 testaretur,
649 1500 723 1574 visu
755 1500 966 1598 fugientium
992 1498 1173 1596 legionum
1201 1495 1308 1572 absti-

326 1622 415 1696 nuit.
466 1623 575 1694 Fama
593 1609 841 1692 moderationis
859 1621 1092 1717 quaerebatur,
1119 1616 1311 1713 postquam

325 1741 520 1838 superbiam
551 1741 763 1834 expleverat.
832 1741 982 1812 Flumen
1024 1735 1207 1826 Arsaniam
1235 1738 1308 1810 ele·

325 1863 455 1958 phanto
485 1857 646 1950 insidens,
682 1857 865 1955 proximus
912 1857 1058 1955 quisque
1095 1881 1230 1956 regem,
1268 1859 1308 1932 vi

324 2005 499 2078 equorum
516 1979 715 2076 perrupsre,
732 1978 814 2076 quia
830 2004 950 2052 rumor
962 1976 1153 2069 incesserat,
1175 1984 1204 2020 “
1216 2004 1307 2076 pon-

325 2109 353 2144 “
371 2121 444 2174 tem
472 2101 646 2174 cessurum
674 2097 783 2191 oneri,
799 2100 893 2172 'dolo
910 2074 1190 2173 fabricantium.”
1237 2099 1308 2172 Sed

87 2231 89 2238 ’
205 2241 211 2253 ‘
273 2195 281 2208 ,
326 2220 387 2320 qui
414 2220 552 2320 ingredi
580 2222 648 2292 aufi
682 2217 771 2312 sunt,
797 2219 956 2294 validum
988 2225 1025 2294 ἃ
1064 2219 1178 2294 fidum
1206 2217 1319 2292 intel-⁴

325 2343 455 2416 lexsre.

282 2456 286 2470 ’
373 2464 473 2536 XVI.
499 2463 699 2535 Cusanum
739 2461 874 2539 obsessis
915 2463 1004 2538 adeb
1041 2460 1307 2561 suppeditavisse

220 2656 225 2662 ,
324 2609 400 2656 rem
417 2581 679 2655 frumentariam
704 2583 868 2674 constitit,
899 2603 939 2656 ut
963 2585 1090 2658 horreis
1112 2584 1233 2683 ignem
1250 2584 1305 2656 in-

319 2701 491 2801 jicerent:
528 2705 720 2800 contraique
748 2704 942 2801 prodiderit
965 2706 1134 2794 Corbulo,
1176 2711 1204 2746 “
1219 2705 1303 2776 Par-

240 2825 242 2830 ’
326 2825 451 2895 “thos
481 2821 601 2918 inopes
628 2822 824 2926 copiarum,
869 2829 903 2899 &
932 2827 1064 2923 pabulo
1088 2826 1219 2918 attrito,
1251 2851 1316 2899 re-¹

327 2952 354 2986 “
375 2943 514 3016 lidiuros
545 2943 862 3042 oppugnationem,
888 2973 1003 3045 neque
1031 2945 1064 3022 se
1092 2950 1170 3046 plus
1198 2946 1305 3021 tridui
1410 3011 1415 3015 .

231 3077 239 3088 ’
326 3064 495 3137 “itinere
524 3061 705 3136 abfiriffe.”
755 3063 908 3163 Adjecit,
937 3066 1195 3168 “jurejurando
1220 3069 1306 3144 Paeti

272 3268 280 3277 ,
325 3191 516 3256 “cautum
540 3184 636 3280 apud
653 3187 759 3282 figna,
790 3187 1003 3262 adstantibus
1023 3189 1078 3280 iis,
1105 3217 1194 3289 quos
1213 3189 1306 3264 testi·

325 3302 511 3375 “sicando
538 3328 601 3375 rex
623 3304 774 3396 misisset,
805 3307 984 3381 neminem
1002 3313 1210 3409 Romanum
1235 3316 1305 3386 Ar-

324 3431 353 3502 “.
371 3421 524 3497 meniam
542 3422 789 3521 ingressurum,
820 3428 935 3502 donec
964 3428 1170 3506 referrentur
1198 3431 1305 3505 literae

324 3552 353 3588 “
371 3543 534 3634 Neronis,
563 3570 607 3616 an
637 3545 715 3644 paci
736 3550 939 3621 annueret.''
989 3554 1079 3650 Qaae
1104 3571 1144 3624 ut
1168 3576 1305 3648 augen-

257 3659 262 3671 ’
304 3667 378 3740 dae
396 3663 549 3737 insamiae
566 3669 771 3764 composta,
791 3672 835 3743 fic
852 3669 984 3768 reliqua
1000 3695 1072 3746 non
1096 3671 1131 3745 in
1157 3659 1305 3744 obscuro
1363 3654 1366 3666 ’

249 3825 252 3830 ¹
323 3788 520 3862 habentur:
548 3787 618 3861 unsa
644 3787 702 3862 die
727 3789 959 3890 quadraginta
981 3792 1133 3868 millium
1157 3789 1306 3892 spatium
