3006 4866
467 345 860 466 Asnrcon‘n.
1096 415 1174 492 -349

202 583 241 640 ut
266 563 470 640 Domitiano
499 565 606 639 moris
633 585 717 672 erat,
749 565 861 640 fronte
889 566 1002 657 laetus,
1036 565 1177 662 pestore

201 685 324 760 anxius
353 684 503 784 excepit.
552 689 664 760 Inerat
692 686 911 778 conscientia,
933 683 1058 758 derisui
1079 685 1177 758 fuiffe

201 831 312 904 nuper
327 789 449 886 falsum
467 833 485 880 e
502 806 688 880 Germania
713 806 942 905 triumphurn,
972 805 1098 904 emptis
1115 831 1177 904 per
1275 839 1278 848 ¹

200 927 425 1016 commercia,
460 953 610 1024 quorum
632 912 769 1002 habitui
798 927 964 1020 &crines
995 927 1031 1000 in
1063 926 1176 1023 capti-

200 1073 325 1120 vorum
343 1045 489 1144 speciem
506 1046 756 1121 formarentur:
784 1067 818 1120 at
835 1073 928 1120 nunc
940 1073 1056 1120 veram
1074 1026 1175 1145 mag·

201 1192 352 1265 namque
370 1167 566 1258 victoriam,
592 1163 643 1240 'tot
655 1167 808 1240 millibus
824 1166 977 1240 hostium
994 1173 1096 1258 caesrs,
1122 1168 1176 1241 in·

203 1287 297 1384 genti
321 1285 414 1360 sama
431 1287 604 1361 celebrari.
654 1287 696 1360 ld
714 1287 775 1360 fibi
799 1286 954 1360 maxime
972 1285 1175 1362 formidolo-

201 1404 290 1496 sum,
321 1406 445 1505 privati
469 1407 621 1480 hominis
647 1433 777 1481 nomen
804 1407 903 1505 supra
930 1407 1101 1504 Principis
1125 1429 1176 1480 at-

201 1525 276 1598 tolli
291 1554 300 1598 :
316 1525 450 1601 'frustra
465 1529 575 1604 studia
599 1527 680 1619 fori,
709 1533 742 1602 δι
760 1527 914 1602 civilium
931 1527 1056 1601 artium
1073 1530 1178 1602 decus

202 1644 238 1718 in
257 1647 426 1722 silentium
447 1651 538 1740 acta,
556 1653 578 1722 s1
602 1648 786 1722 militarem
805 1647 954 1744 gloriam
971 1649 1055 1722 alius
1073 1675 1178 1722 occu-

202 1753 322 1862 paret:
364 1773 534 1846 &cetera
572 1790 765 1866 utcumque
796 1766 932 1842 facilius·
962 1768 1175 1857 dissimulari,

198 1886 297 1960 ducis
327 1887 407 1962 boni
432 1888 695 1984 Imperatoriam
713 1887 876 1960 virtutem
902 1889 980 1960 effe.
1029 1889 1177 1962 Talibus
1221 1929 1228 1935 ·

200 2006 290 2078 curis
306 2007 491 2095 exercitus,
526 2007 692 2104 quodque
718 2005 814 2078 saevae
838 2005 1058 2102 cogitationis
1087 2008 1177 2080 indi-

199 2125 295 2196 cium
312 2144 399 2215 erat,
428 2123 556 2198 secreto
583 2125 644 2198 suo
660 2123 810 2214 satiatus,
836 2119 1010 2220 optimum
1029 2123 1067 2196 in
1090 2152 1176 2222 prae-

200 2243 305 2317 sentia
324 2239 462 2334 statuit,
501 2270 667 2342 reponere
700 2245 837 2334 odium,
874 2245 987 2318 donec
1027 2244 1178 2342 impetus

201 2362 303 2438 samae
330 2362 479 2440 &favor
501 2365 668 2440 exercitlrs
696 2364 949 2464 languesceret:
975 2391 1057 2440 nam
1074 2366 1178 2442 etiam

198 2505 273 2574 tum
290 2484 457 2585 Agricola
472 2485 686 2560 Britanniam
704 2487 894 2560 obtinebat.

246 2609 330 2682 XL.
355 2610 496 2681 Iorrun
526 2616 554 2650 ‘⁶
579 2607 803 2704 triumphalia
824 2628 1040 2699 ornamenta,
1061 2611 1095 2682 δι
1122 2607 1176 2683 in·

199 2734 228 2772 “
244 2727 358 2802 lustris
374 2726 491 2802 statua
509 2725 692 2818 honbrem,
725 2732 758 2800 δι
777 2727 951 2828 quidquid
972 2755 1035 2827 pro
1051 2727 1193 2829 trium·⁸
1268 2749 1272 2756 ·

197 2853 226 2892 “
245 2849 315 2946 pho
331 2849 472 2938 datur,''
496 2849 608 2922 multo
627 2850 818 2922 verborum
839 2851 970 2924 honore
986 2852 1175 2942 cumulata,

196 2967 336 3042 decerni
363 2967 404 3042 in.
416 2965 531 3041 senatu
553 2966 669 3066 jubet,
697 2969 849 3067 addique
876 2970 1012 3068 insuper
1038 2971 1176 3066 opinio-

199 3113 295 3178 nem,
321 3087 453 3186 Syriam
481 3089 698 3186 provinciam
721 3091 898 3190 Agricolae
915 3092 1092 3181 destinari,
1116 3117 1175 3164 va-

198 3207 300 3282 cuam
318 3228 534 3288 tummorte
557 3210 656 3284 Atilii
674 3214 761 3288 Rufi
790 3211 987 3302 consularis,
1014 3217 1047 3285 ὅτ
1066 3209 1174 3310 majo·

196 3328 290 3402 ribus
302 3327 516 3404 reservatam.
553 3331 740 3406 Credidere
764 3332 919 3430 plerique
941 3333 1105 3408 libertum
1120 3357 1177 3412 ‘ex

196 3447 428 3526 secretioribus
445 3451 638 3529 ministeriis
656 3452 794 3528 missum
811 3453 855 3528 ad
876 3451 1092 3550 Agricolam,
1115 3479 1175 3527 co-

194 3569 344 3659 dicillos,
367 3571 492 3669 quibus
508 3571 539 3644 ei
556 3572 651 3670 Syria
668 3573 827 3660 dabatur,
844 3570 970 3662 tulisse,
989 3598 1072 3646 cum
1087 3599 1176 3668 prae-

196 3711 311 3788 cepto,
337 3709 390 3780 ut,
407 3695 429 3764 fi
447 3692 481 3764 in
500 3692 673 3766 Britannia
690 3691 791 3780 soret,
811 3691 1049 3764 traderentur:
1077 3713 1175 3761 eum-

80 3805 83 3813 λ
184 3835 263 3916 ,que
287 3811 451 3892 libertum
473 3812 509 3886 in
535 3812 610 3912 ipso
634 3810 721 3892 freto
745 3807 877 3890 Oceani
894 3809 1039 3886 obvium
1065 3804 1170 3906 Agri-
