3120 4860
346 376 416 448 208
538 373 580 444 C.
621 369 887 443 Connnrrr
930 371 1131 448 Tncrrr

342 544 471 642 Syriam
487 541 666 642 translatis,
691 542 825 616 sextam
842 541 924 617 inde
940 542 1132 616 aetertiam
1149 542 1325 641 legiones,

341 663 518 760 integrum
531 663 692 753 militem,
711 668 744 736 &
764 663 888 738 crebris
901 689 941 737 ac
960 661 1125 761 prosperis
1143 653 1325 755 laboribus

340 782 546 873 exercitum,
574 783 609 857 in
636 785 842 862 Armeniam
866 785 975 858 ducit.
1026 783 1247 882 Addiditque
1271 786 1323 858 le·

341 902 483 1001 gionem
501 905 675 1002 quintam,
703 932 781 1004 quae
799 931 860 1003 per
876 908 1029 982 Pontum
1051 929 1169 1004 agens,
1196 930 1323 1002 expers

340 1023 449 1096 cladis
466 1023 588 1098 suerat.
631 1026 743 1098 Simul
762 1019 1099 1124 quintadecimanos,
1126 1025 1241 1100 recdns
1258 1026 1342 1120 adp
1385 1084 1388 1090 .

240 1147 250 1170 '
338 1141 1320 1244 duslos,&vexilladeledtorumexlllyrico&AEgypto,

339 1265 509 1364 qubdque
526 1270 659 1341 alarum
677 1268 958 1366 cohortiumque,
988 1271 1021 1340 δι
1045 1265 1172 1340 auxilia
1195 1290 1321 1364 regum

336 1384 373 1458 in
390 1413 502 1461 unum
524 1391 697 1463 condutta
718 1391 811 1488 apud
830 1389 1038 1478 Melitenen,
1063 1389 1133 1486 qua
1146 1384 1319 1460 transmit·
1392 1463 1398 1472 ,

336 1527 409 1582 tere
427 1511 630 1606 Euphraten
648 1512 810 1606 parabat·
851 1509 949 1578 Tum
966 1507 1147 1580 lustratum
1171 1507 1235 1582 rite
1252 1531 1319 1580 ex·

301 1687 303 1691 .
336 1627 485 1701 ercitum
511 1628 556 1699 ad
579 1627 783 1700 concionem
807 1645 923 1716 vocat,
952 1626 1157 1724 orditurque
1180 1627 1322 1726 magni-

334 1749 404 1819 fica
442 1747 537 1816 “de
565 1743 721 1840 auspiciis
748 1745 984 1842 Imperatoris,
1030 1745 1200 1844 rebusque
1228 1775 1249 1820 a
1281 1747 1319 1821 se

335 1871 365 1908 “
383 1863 523 1962 gestis,’'
542 1863 683 1938 adversa
707 1871 735 1907 “
749 1864 786 1937 in
799 1864 966 1939 inscitiam
978 1865 1089 1938 Paeti''
1106 1865 1311 1940 declinans:

337 1986 450 2058 multh
466 1984 678 2076 austoritate,
707 2011 785 2084 quae
804 1985 883 2059 viro
905 1985 1042 2059 militari
1066 2011 1129 2085 pro
1155 1985 1325 2062 facundi&

338 2125 421 2180 erat.

342 2252 347 2263 '
399 2237 555 2313 XXVII.
603 2241 702 2312 Mox
738 2263 833 2352 rrsp
866 2241 912 2312 L.
946 2241 1101 2313 Lucullo
1137 2241 1320 2337 quondam

340 2379 579 2460 penetratum,
621 2358 763 2456 apertis,
808 2387 886 2458 quae
921 2359 1071 2432 vetustas
1112 2358 1319 2458 obsepserat,

338 2480 465 2580 pergit.
523 2483 570 2554 Et
588 2479 774 2554 ‘venientes
800 2477 965 2553 Tiridatis
992 2479 1243 2580 Vologesisque
1273 2482 1319 2555 de

326 2627 427 2700 ¹pace
444 2601 576 2700 legatos
594 2601 689 2673 haud
707 2598 914 2698 aspernatus,
941 2600 1100 2700 adjungit
1127 2601 1167 2674 iis
1196 2620 1319 2674 centu·

337 2721 463 2811 riones,
484 2747 566 2794 cum
584 2720 755 2794 mandatis
774 2747 844 2794 non
857 2721 1070 2796 immitibus:
1103 2729 1130 2764 “
1143 2745 1207 2794 nec
1220 2702 1319 2796 enim

339 2847 368 2884 “
386 2843 499 2914 adhuc
516 2839 558 2912 eb
581 2861 741 2933 ventum,
771 2862 811 2915 ut
833 2843 1020 2930 certamine
1047 2862 1206 2916 extremo
1229 2869 1319 2940 opus

235 2981 242 3006 ⁸
339 2970 368 3005 “
386 2965 478 3035 esset.
528 2960 647 3034 Multa
663 2963 833 3037 Romanis
856 2964 1018 3054 secunda,
1045 2965 1214 3062 quaedam
1234 2966 1318 3037 Par-

339 3083 452 3154 “this
485 3081 645 3172 evenisse,
671 3085 885 3157 documento
903 3087 1067 3161 adversus
1091 3084 1315 3184 superbiam:

233 3265 237 3274 .
338 3205 368 3244 ‘⁶
386 3201 585 3298 proinde&
602 3203 750 3276 Tiridati
767 3207 977 3296 conducere,
1012 3207 1184 3280 intastum
1204 3207 1315 3281 vasta-

338 3321 539 3395 “tionibus
559 3349 707 3422 regnum
725 3326 821 3400 dono
852 3327 1030 3424 accipere3
1066 3333 1099 3401 ὅτ
1119 3327 1316 3425 Vologesen

339 3450 367 3485 “
387 3443 510 3518 melius
527 3441 685 3519 societate
703 3449 880 3542 Romans,
908 3447 1017 3546 quim
1029 3448 1168 3522 damnis
1186 3449 1316 3523 mutuis

340 3571 371 3668 (ἦ
390 3565 485 3662 genti
501 3567 709 3638 Parthorum
734 3558 985 3668 consulturum.
1034 3569 1127 3643 Scire
1145 3569 1318 3668 quantum

337 3691 365 3728 “
384 3683 477 3758 intus
522 3683 782 3778 discordiarum,
830 3692 1008 3789 qusmque
1030 3689 1239 3764 indomitas
1279 3697 1314 3786 &

339 3803 585 3906 “-praeseroces
619 3806 775 3882 nationes
802 3829 945 3909 regeret.
996 3811 1129 3885 Contrb
1157 3813 1314 3911 impera-
