3126 4864
396 339 974 460 ·Annnr1uuL1n.x111.
1145 407 1213 498 reg

238 554 401 632 ancillam
419 559 562 632 vulnere
588 557 766 651 absterret,
796 558 1033 654 cubiculoque
1050 581 1214 655 prorum-

206 683 208 686 ’
239 677 300 776 pit.
343 677 481 752 Posteri
504 678 562 752 die
578 677 754 753 manifesta
771 681 897 770 caedeS,
915 679 1009 752 haud
1025 677 1217 776 ambiguus
1272 759 1274 764 ,

238 801 430 895 percullot:
454 797 588 896 quippe
617 801 806 873 manfitalle
834 801 904 874 ursa
927 791 1216 877 convincebatur·

238 919 305 992 Sed
333 920 475 994 libertus
498 927 525 962 “
542 920 643 992 suum
659 919 748 992 illud
765 919 918 994 lacinus''
947 914 1113 1017 profiteri,
1140 925 1169 960 “
1184 915 1219 990 se

238 1039 425 1136 “patroni
448 1036 587 1137 injurias
615 1041 730 1114 ultum
746 1041 847 1114 elle.'’
897 1041 1220 1136 Commoveratque

223 1155 409 1257 ‘quosdam
442 1158 688 1256 magnitudine
716 1159 893 1256 exempli:
929 1159 1043 1232 donec
1077 1159 1219 1249 ancilla,
1310 1167 1318 1184 “

241 1305 287 1352 ex
304 1283 450 1353 vulnere
466 1278 605 1369 reicula,
631 1306 756 1354 verum
780 1280 939 1377 aperuit:
967 1278 1225 1377 postulatusque

240 1402 338 1498 apud
355 1397 510 1473 consules
526 1427 547 1472 a
564 1421 658 1496 patre
673 1400 875 1491 interfeetae,
905 1400 1091 1498 postquam
1110 1399 1220 1472 tribu-

152 1525 162 1550 ·’
241 1539 326 1593 natu
343 1519 486 1608 abierat,
504 1517 668 1592 sententia
683 1542 836 1618 patrum,
862 1525 895 1594 δε
924 1522 1003 1618 lege
1027 1522 1072 1594 de
1100 1518 1224 1594 ficariis

240 1641 504 1714 condemnatur.
1132 1739 1135 1744 ¹

288 1760 406 1845 XLV.
431 1763 524 1834 Nou
549 1786 675 1834 uinus
696 1760 850 1860 infignis,
881 1786 923 1836 eo
941 1787 1046 1852 anno,
1065 1761 1222 1860 impudi·
1261 1831 1265 1839 .

242 1879 334 1977 uitia,
349 1908 559 1979 magnorum
576 1882 773 1978 reipublicae
787 1885 958 1957 malorum
970 1881 1109 1956 initium
1126 1881 1224 1956 fecit.

244 2002 329 2074 Erat
357 2001 394 2074 in
423 2001 563 2076 civitate
580 2001 707 2076 Sabina
728 2005 898 2108 Poppaea,
924 2005 970 2073 T.
1004 2003 1100 2076 Ollio
1123 2023 1225 2098 patre

245 2120 373 2219 genita,
396 2121 455 2194 sed
473 2119 684 2194 nomenari
702 2120 849 2192 materni
865 2118 1065 2214 sumpserat,
1094 2119 1223 2194 inlustri

245 2242 411 2316 memoria
434 2237 580 2336 Poppaei
603 2237 733 2328 Sabini,
763 2237 930 2312 consulari
956 2241 989 2310 δι
1018 2237 1224 2333 triumphali

244 2362 370 2434 decore
404 2357 654 2456 praefulgentis.
716 2361 813 2432 Nam
847 2357 996 2448 Ollium,
1033 2357 1227 2430 honoribus
1294 2365 1295 2369 ’

246 2480 406 2554 nondum
422 2478 595 2568 fundum,
613 2479 764 2554 amicitia
778 2477 891 2578 Sejani
908 2477 1082 2578 pervertit.
1126 2477 1227 2551 Huic

245 2599 383 2674 mulieri
409 2601 537 2672 cunda
568 2598 634 2673 alia
661 2597 771 2692 fuere,
802 2621 924 2700 praeter
945 2598 1130 2674 honestum
1149 2596 1226 2670 ani‹

244 2746 355 2794 mum.
415 2718 559 2816 Quippe
587 2735 696 2792 mater
723 2720 809 2819 ejus,
834 2721 942 2796 aetatis
980 2721 1048 2794 suae
1075 2717 1227 2792 feminae
1341 2719 1342 2727 '

246 2839 504 2936 pulchritudine
527 2837 752 2938 supergressa,
773 2842 920 2940 gloriam
945 2841 1072 2940 pariter
1096 2844 1130 2912 ὅτ
1153 2838 1228 2912 for·

246 2987 343 3034 mam
369 2962 522 3034 dederat.
573 2963 668 3058 Opes
695 2961 890 3037 claritudini
920 2961 1054 3062 generis
1080 2960 1227 3034 sufficie·

247 3082 344 3156 bant.
394 3082 512 3156 Sermo
542 3081 665 3172 comis,
700 3065 773 3156 nee
800 3081 985 3156 absurdum
1016 3081 1227 3180 ingenium:

249 3201 457 3276 modestiam
474 3199 647 3298 praeferre,
665 3207 699 3276 δι
716 3201 853 3276 lascivia
869 3201 944 3275 uti:
972 3229 1065 3276 rarus
1082 3203 1120 3275 in
1138 3205 1229 3300 pub·

204 3415 210 3426 .
250 3321 358 3396 licum
377 3323 552 3419 egreffus3
575 3321 683 3420 idque
699 3325 813 3396 velati
830 3344 926 3420 parte
948 3323 1030 3415 oris,
1060 3349 1104 3396 ne
1132 3321 1228 3397 satia·

250 3463 302 3518 ret
319 3441 510 3538 aspefflm,
533 3444 589 3514 vel
606 3443 689 3540 quia
711 3447 755 3518 fic
773 3446 930 3518 decebat.
981 3447 1011 3518 F
1012 3471 1099 3518 amae
1124 3471 1228 3517 num·

250 3589 358 3662 quam
383 3561 550 3660 pepercit,
577 3563 722 3636 maritos
752 3569 785 3638 bc
812 3567 984 3639 adulteros
1006 3591 1077 3638 non
1105 3564 1229 3638 distin-

253 3709 383 3782 guens:
419 3708 534 3780 neque
558 3682 694 3756 affectui
725 3682 798 3775 suu,
830 3707 890 3760 aut
919 3685 1032 3760 alieno
1059 3685 1232 3777 obnoxia,

252 3805 348 3880 unde
372 3803 502 3880 utilitas
531 3802 779 3898 ostenderetur,
806 3804 895 3888 illuc,
910 3805 1094 3883 libidinem
1122 3825 1230 3903 trans-
1289 3801 1297 3820 ⁴
