3076 4868
377 423 379 438 .
443 362 741 432 Axunzruu
782 351 892 429 Lrn.
933 345 1017 422 XII.
1177 365 1223 443 45

245 523 462 613 Adiabenos,
491 548 643 622 quorum
660 547 723 596 rex
739 523 852 596 Izates
868 517 1065 594 societatem
1082 517 1227 592 Meher·
1251 613 1258 630 ἱ

240 644 330 718 datis
346 645 462 742 palam
478 622 659 732 induerat:
689 642 726 716 in
742 646 919 716 Gotarzen
945 665 1007 738 per
1029 638 1169 712 occulta
1191 635 1231 710 δι

240 765 354 865 magis
371 765 443 839 fida
459 765 660 840 inclinabat.
710 764 778 836 Sed
801 783 902 861 capta
923 761 960 834 in
988 762 1130 834 transitu
1145 758 1230 832 urbs

242 887 375 977 Ninos,
394 887 618 960 vetustiffima
640 883 909 981 sedesAffyriae,
934 882 1131 970 &Arbela,
1157 875 1228 952 cas·
1322 941 1324 947 Α

132 1085 135 1090 ,
243 1009 366 1082 tellum
382 1006 516 1104 insigne
532 1005 638 1094 fama,
657 1003 753 1100 quod
777 1000 952 1102 postremi>
968 1001 1057 1075 inte'r
1080 999 1231 1075 Darium
1258 985 1276 1018 ²

232 1146 350 1227 ¹atque
385 1126 631 1232 Alexandrum
674 1123 799 1220 proelio
831 1122 1009 1224 Persarum
1042 1122 1112 1196 illic
1145 1147 1231 1220 opes

246 1247 483 1320 conciderant.
531 1245 665 1318 Interea
681 1245 850 1316 Gotarzes
866 1243 962 1338 apud
984 1263 1155 1332 montem,
1173 1240 1231 1318 cui

205 1453 208 1468 .
246 1391 379 1440 nomen
403 1363 572 1452 Sanbulos,
600 1383 680 1436 vota
705 1362 773 1436 diis
789 1361 1072 1460 locisuscipiebat,
1104 1361 1232 1460 praeci-

249 1489 318 1584 pud
347 1483 523 1588 religione·
542 1481 720 1596 Herculi,
751 1481 827 1582 qui,
850 1503 1010 1580 tempore
1037 1483 1138 1574 stato,
1171 1507 1234 1580 per

247 1604 402 1703 quietern
430 1621 551 1676 monet
574 1600 776 1693 sacerdotes,
806 1609 834 1646 “
851 1623 903 1694 ut,
923 1604 1097 1702 templum
1111 1601 1231 1704 juxta,

250 1731 405 1823 “equos
439 1723 579 1796 venatui
605 1724 791 1798 adornatos
819 1725 971 1814 fistant.’'
1015 1725 1138 1824 ,Equl,
1169 1727 1233 1801 ubi
1310 1715 1313 1720 ⁵

246 1846 420 1943 pharetras
447 1843 523 1918 telis
552 1845 688 1918 onustas
708 1848 886 1942 accepdre,
914 1873 975 1944 per
1000 1846 1102 1922 saltus
1132 1848 1230 1946 vagi,

247 1965 351 2050 nocie
370 1967 519 2038 demum
540 1964 658 2037 vacuis
684 1965 865 2061 pharetris,
895 1968 1007 2038 multo
1026 1993 1109 2040 curn
1125 1971 1232 2043 anhe·
1274 2008 1277 2022 =

248 2084 314 2159 litu
346 2087 504 2160 redeunt.
555 2082 687 2158 Rursus
716 2084 816 2174 deus,
851 2084 921 2180 qua
950 2087 1047 2157 filvas
1080 2113 1232 2183 pererra-

162 2199 166 2207 *
246 2204 350 2296 verit,
378 2209 553 2298 nocturno
582 2201 657 2278 visu
683 2203 916 2312 demonstrat:
951 2203 1235 2308 reperiunturque

250 2323 332 2418 fusae
360 2329 482 2423 paffim
497 2325 590 2402 fera.
1069 2391 1073 2398 .
1182 2319 1183 2322 ¹

72 2491 78 2500 ·
195 2523 196 2536 ,
298 2449 397 2522 XIV.
423 2448 620 2521 Caranon
638 2449 822 2538 Gotarzes,
852 2448 1010 2522 nondum
1035 2445 1112 2522 satis
1134 2449 1235 2522 audo

253 2567 423 2667 exercitu,
452 2568 600 2644 flumine
617 2570 748 2642 Cormal
769 2595 834 2667 pro
859 2569 1080 2644 munimento
1102 2557 1155 2642 uti
1162 2599 1173 2656 ;
1198 2575 1234 2644 dc

250 2715 468 2788 quamquam
496 2715 557 2787 per
582 2687 880 2764 insectationes&
908 2690 1048 2764 nuntios
1069 2691 1113 2764 ad
1140 2706 1235 2788 proe·

189 2881 191 2888 χ
251 2807 339 2882 lium
355 2831 548 2900 vocaretur,
571 2813 707 2884 nectere
734 2810 865 2900 irroras,
894 2812 989 2884 locos
1007 2831 1155 2902 mutare,
1182 2818 1233 2904 dr,

252 2925 357 3004 miffis
381 2928 655 3027 corruptoribus,
683 2931 882 3003 exuendam
910 2932 955 3005 ad
982 2932 1091 3009 fidem
1123 2933 1236 3008 hostes

253 3047 431 3126 emercari.
483 3051 541 3122 Ex
566 3045 648 3146 quis
668 3049 782 3144 Izates
799 3051 1018 3143 Adiabenus,
1045 3078 1132 3126 mox
1156 3057 1234 3129 Ab·

255 3193 358 3275 garus
379 3170 555 3242 ‘Arabum
595 3195 677 3244 cum
709 3171 863 3265 exercitu
900 3169 1115 3261 abscedunt;
1149 3175 1236 3248 levi·-

240 3297 321 3380 jtate
347 3287 482 3388 gentili,
517 3293 551 3363 ὃς
580 3289 661 3388 quia
685 3291 929 3389 experimentis
958 3293 1143 3391 cognitum
1160 3295 1235 3386 est,

183 3405 203 3466 '.
252 3411 420 3496 barbaros
438 3410 543 3484 malle
561 3413 679 3503 Roma
697 3433 810 3508 petere
829 3438 941 3512 reges,
970 3415 1080 3512 quam
1097 3415 1248 3488 habero.¹

253 3533 305 3616 At
328 3531 568 3620 Meherdates,
599 3530 720 3604 validis
748 3533 882 3606 auxiliis
910 3535 1074 3625 nudatus,
1105 3525 1238 3610 cetero·

233 3653 333 3724 'rum
362 3651 560 3748 proditione
588 3650 753 3748 suspecta,
783 3653 882 3751 quod
910 3679 1020 3728 unum
1049 3654 1236 3754 reliquum,

256 3795 330 3850 tem
362 3771 400 3847 in
432 3771 549 3868 casum
576 3773 673 3892 dare,
707 3773 901 3874 proelioque
930 3773 1079 3872 experiri
1110 3774 1267 3862 statuit.=
