3006 4866
509 399 996 505 Gnnrunrtrn.¹
1100 387 1202 504 ³287

222 559 295 648 tius
323 559 396 648 dies
428 571 649 648 cundatione
676 572 877 646 coeuntium
904 567 1102 643 absumitur.
1150 573 1205 644 Ut

227 699 348 770 turbae'
367 695 509 794 placuit,
527 695 720 774 'considunt
748 685 881 768 armati.
929 689 1113 764 Silentium
1143 717 1206 788 per

170 857 173 862 ·
222 815 432 906 sacerdotes,
459 817 586 914 quibus
610 799 740 888 tuni&
767 812 949 888 co'e'rcendi
969 810 1027 910 jus
1056 811 1116 902 est,
1139 813 1207 886 im·

225 959 375 1036 petatur.
425 937 519 1014 Mox
538 961 613 1025 rex,
639 937 694 1008 vel
718 935 889 1032 princeps,
915 954 1016 1031 prout
1036 953 1117 1014 aetas
1133 934 1206 1007 cui·

229 1063 313 1157 que,
340 1077 442 1155 prout
454 1057 629 1148 nobilitas,
656 1075 755 1154 prout
772 1051 879 1128 d'ecus
898 1055 1084 1147 bellorum,
1104 1071 1222 1152 prout¹

229 1177 394 1252 facundia
411 1177 471 1268 est,
502 1177 703 1266 audiuntur,
728 1175 930 1251 auctoritate
945 1176 1108 1249 suadendi
1133 1203 1208 1250 ma-

232 1300 298 1398 gis,
338 1299 445 1396 quam
467 1297 614 1396 ‘jubendi
645 1297 817 1394 potestate.
866 1296 900 1390 Si
933 1283 1105 1392 displicuit
1134 1296 1209 1370 sen-

233 1419 354 1509 tentia,
383 1418 524 1492 fremitu
552 1418 797 1515 aspernantur:
831 1421 879 1490 sm
898 1415 1042 1512 placuit,
1064 1413 1210 1492 frameas

232 1539 455 1612 concutiunt.·
496 1539 808 1612 Honoratiffimum
832 1539 994 1612 adsensds
1016 1563 1125 1636 genus
1146 1537 1209 1628 est,

233 1660 335 1732 armis
356 1661 507 1732 laudare.
1086 1659 1092 1671 “

281 1781 363 1852 XII.
389 1782 518 1852 chnr
548 1781 643 1876 apud
660 1779 849 1853 concilium
877 1779 1035 1853 accusare
1053 1803 1208 1876 quoque,

169 1911 171 1916 ’
235 1897 472 1975 &discrimen
499 1897 619 1996 capitis
640 1901 828 1972 intendere.
878 1899 1063 2004 Distinetio
1089 1925 1211 1997 poena-

233 2003 322 2108 runi·
339 2043 384 2091 ex
400 2017 553 2092 delicto:
586 2019 778 2114 proditores
808 2025 840 2091 dc
858 2019 1052 2116 transfugas
1080 2021 1211 2092 arbori-

59 2141 85 2230 s
114 2232 117 2238 .
229 2142 300 2232 bus
317 2119 550 2234 suspendunt:
576 2137 736 2235 ignavos,
766 2143 800 2210 dc
824 2139 994 2227 imbelles,
1015 2143 1048 2210 ἃ
1067 2165 1213 2236 corpore

151 2272 153 2278 '
232 2259 391 2348 infames,
422 2283 527 2329 coeno
555 2283 594 2330 ac
624 2259 763 2356 palude,
792 2256 912 2356 injecta
942 2257 1077 2356 insuper
1101 2279 1212 2352 crate,

230 2360 424 2476 mergunt(
448 2361 646 2451 'Diverfitas
671 2378 828 2478 supplicii
850 2381 933 2454 illuc
951 2379 1099 2478 respicit,
1124 2401 1214 2455 tam-

233 2525 343 2596 quam
371 2497 497 2572 scelera
526 2499 658 2573 ostendi
690 2509 858 2597 oporteat,
888 2503 975 2576 dum
1007 2501 1213 2599 puniuntur,

235 2619 366 2719 flagitia
382 2619 558 2694 abscondi.
609 2622 675 2695 Sed
706 2622 949 2696 &levioribus
975 2623 1121 2713 delictis,
1149 2649 1215 2719 pro

132 2822 135 2828 ,
162 2737 166 2745 ’
234 2744 356 2832 modo,
377 2767 506 2840 poena:
526 2767 697 2840 equorum
712 2767 951 2840 pecorumque
967 2769 1114 2816 numero
1129 2763 1213 2816 con·-

236 2861 320 2933 victi
348 2865 565 2936 multantur:
603 2888 679 2959 pars
709 2865 827 2936 multae
864 2864 950 2962 regi,
982 2867 1040 2936 vel
1066 2864 1213 2956 civitati,

233 2969 322 3078 pars
349 2982 408 3078 ipfr
432 2983 497 3079 qui
510 2983 720 3072 vindicatur,
750 2985 807 3056 vel
839 2983 1044 3081 propinquis
1064 2985 1136 3082 ejus
1151 3011 1214 3058 ex·

234 3101 385 3176 solvitur.
420 3103 605 3200 Eliguntur
616 3101 653 3175 in
670 3103 789 3176 iisdem
806 3103 961 3177 conciliis
979 3109 1012 3178 ἃ
1027 3105 1213 3203 principes,

235 3223 296 3321 qui
318 3217 410 3319 jura¹
427 3249 487 3319 per
514 3249 621 3321 pagos
636 3219 812 3322 'uicosque
847 3221 1006 3298 reddunf.
1065 3227 1214 3304 Centeni

235 3343 376 3441 singulis
394 3368 438 3414 ex
457 3344 557 3438 plebe
582 3344 739 3435 comites,
766 3345 947 3419 consilium
965 3348 1064 3420 fimul
1082 3351 1115 3422 ὃς
1133 3349 1232 3423 auc·¹

139 3451 143 3464 ¹
235 3463 367 3552 toritas,
394 3462 526 3536 adsunt.
899 3450 903 3458 ⁵

285 3587 385 3658 ΧΙΙΙ.
413 3587 540 3658 Num
569 3583 683 3658 alitem
701 3611 816 3684 neque
835 3586 985 3683 publicae
1008 3613 1124 3686 neque
1142 3589 1213 3687 pri·

236 3721 325 3778 ‘vatae
341 3704 402 3806 rei,
428 3705 488 3791 nist
506 3706 625 3780 armati
643 3728 762 3804 agunt.
805 3709 871 3780 Sed
884 3729 979 3780 arma
995 3707 1127 3782 sumere
1142 3737 1215 3783 non

234 3825 313 3897 ante
331 3825 495 3926 cuiquam
508 3826 627 3918 motis,
643 3827 750 3925 quim
769 3826 886 3902 civitas
902 3827 1121 3904 suffecturum
1135 3855 1218 3926 pro·¹
