3120 4860
345 375 416 454 ²30
535 329 580 420 C.
617 343 881 418 Conuenit
923 346 1123 421 Tucrrr

344 531 398 602 tlis
416 522 603 614 securitate,
629 543 669 597 ut
686 526 815 606 labaret
836 521 1017 614 indicium,
1045 523 1105 596 nifi
1122 521 1321 598 Milichum

343 633 431 718 uxor
459 643 703 735 admonuisset,
736 645 979 718 “Antonium
1011 645 1173 720 Natalem
1206 643 1323 724 multa

243 759 247 768 ’
343 765 659 855 “cum1Scevino,
700 791 740 840 ac
772 763 900 839 secreta
926 766 1164 855 conlocutum,
1194 767 1227 836 ἃ
1252 763 1323 843 effe

237 966 240 980 .
344 885 549 984 “utrosque
565 888 607 959 C.
629 885 760 960 Pisonis
779 886 957 965 intimos?

392 1009 490 1080 LVI.
531 1009 641 1080 Eneo
664 1007 793 1082 accitur
820 1005 981 1080 Natalis:
1009 1011 1043 1080 δι
1069 1005 1202 1078 diversi
1215 1001 1319 1076 inter-

303 1128 307 1134 ’
342 1149 522 1227 rogantur,
549 1136 581 1223 “,
597 1126 755 1226 quisnam
769 1128 797 1202 is
808 1127 933 1218 sermo,
949 1130 1017 1226 quir
1038 1128 1084 1200 de
1102 1149 1137 1200 re
1153 1125 1267 1199 fuisset
1280 1123 1321 1196 ?'¹

344 1251 427 1324 citm
440 1268 561 1324 exorta
573 1247 730 1348 suspicio,
754 1248 923 1348 quianon
940 1245 1166 1347 congruentia
1182 1243 1321 1346 respon.

342 1372 485 1444 derant:
514 1371 695 1469 inditaque
722 1371 849 1445 vincla.
914 1371 961 1443 Et
989 1388 1242 1446 tormentorum
1269 1364 1319 1440 as-

345 1494 488 1590 pedum
513 1517 553 1564 ac
572 1493 682 1566 minas
701 1517 770 1564 non
788 1493 907 1563 tuldre.
958 1489 1055 1562 Prior
1077 1510 1194 1562 tamen
1213 1490 1322 1561 Nata-

345 1610 402 1699 lis,
422 1610 529 1688 totius
545 1605 790 1705 conjurationis
807 1609 918 1706 magis
935 1635 1074 1707 gnarus,
1095 1610 1195 1682 simul
1218 1633 1325 1706 argu.
1369 1595 1374 1602 ’

347 1730 428 1802 endi
445 1728 597 1826 peritior,
616 1729 660 1800 de
682 1727 803 1800 Pisone
826 1728 981 1826 primum
997 1727 1134 1803 fatetur.
1185 1728 1327 1802 Deinde

345 1847 463 1948 adjicit
485 1853 661 1922 Annaeum
678 1837 858 1937 Senecam,
890 1850 958 1920 five
984 1846 1212 1921 internuntius
1235 1848 1343 1920 inter·

346 1997 428 2044 eum
444 1970 679 2066 Pisonemque
694 1967 772 2056 suit,
794 1972 860 2040 five
876 1989 915 2042 ut
930 1966 1084 2040 Neronis
1097 1967 1242 2066 gratiam
1261 1993 1327 2064 pa-

347 2111 450 2179 raret,
470 2089 532 2186 qui
560 2086 707 2162 infensus
729 2090 882 2180 Senecae,
908 2114 1029 2163 omnes
1047 2090 1090 2161 ad
1109 2113 1191 2162 eunt
1206 2089 1326 2187 oppri-

348 2211 519 2286 mendum
546 2229 632 2282 artes
659 2210 897 2307 conquirebat.
947 2210 1058 2316 Tum,
1084 2209 1228 2309 cognito
1248 2211 1324 2284 Νει-ι
1396 2258 1401 2266 -

245 2375 259 2395 κ.
348 2329 424 2405 talis
452 2330 597 2420 indicio,
625 2330 790 2404 Scevinus
814 2355 955 2431 quoque
981 2331 1055 2429 pari
1076 2330 1325 2425 imbecillitate,

231 2475 243 2486 ‘
304 2529 308 2534 ,
346 2477 391 2526 an
408 2456 533 2527 cunda
547 2449 621 2549 jam
638 2450 807 2547 patesada
822 2453 979 2540 credens,
1015 2477 1079 2530 nec
1099 2438 1210 2526 ullum
1227 2455 1325 2527 stlen¹

349 2574 389 2648 tii
415 2575 707 2664 emolumentum,
733 2569 841 2653 edidit
865 2593 1018 2646 ceteros:
1044 2597 1089 2650 cx
1108 2573 1233 2672 quibus
1248 2575 1327 2648 Ευ,
1421 2627 1425 2634 -

349 2669 470 2785 canus,
505 2692 796 2792 Qtintianusquc,
832 2691 1041 2769 &Senecio
1067 2695 1128 2768 diu
1159 2696 1325 2768 abnuere.
1373 2787 1377 2802 .

349 2815 448 2905 Pdst,
476 2811 637 2912 promissi
664 2813 871 2911 impunitate
894 2814 1062 2913 corrupti,
1086 2815 1158 2914 qud
1185 2815 1327 2900 tardita-

350 2956 422 3011 tem
445 2933 657 3024 excusarent,
684 2937 851 3010 Lucanus
870 2918 1022 3020 Aciliam
1048 2957 1194 3012 matrem
1213 2937 1327 3028 suam,

350 3056 563 3153 Qintianus
598 3055 754 3129 Glitium
795 3057 952 3148 Gallum,
988 3057 1132 3143 Senecio
1166 3043 1328 3132 Annium

249 3179 253 3186 '
348 3177 561 3266 Pollionem,
580 3176 771 3252 amicorum
792 3177 998 3275 praecipuos,
1018 3177 1254 3274 nominavere.

399 3299 514 3370 LVlI.
542 3303 685 3386 Ardere
702 3298 841 3392 interim
862 3301 975 3391 Nem,
1003 3300 1200 3380 recordatus
1216 3301 1328 3372 Volu·.

354 3416 389 3490 li
421 3418 562 3491 Proculi
594 3417 724 3494 indicio
761 3418 950 3516 Epicharin
982 3419 1129 3508 attineri,
1170 3418 1331 3516 ratusque

352 3538 519 3624 muliebre
545 3564 670 3635 corpus
694 3538 808 3637 impar
831 3540 958 3631 dolori,
990 3538 1214 3622 “tormentis
1237 3537 1328 3611 dila,

355 3662 382 3707 ‘⁴
401 3657 650 3758 cerari'’jubet.
700 3665 751 3733 At
766 3661 862 3734 illam
879 3663 1116 3752 nonverbera,
1130 3683 1197 3731 non
1214 3657 1330 3757 ignes,

354 3803 426 3870 non
448 3779 499 3867 ira
515 3779 557 3866 eo
574 3779 684 3866 acrius
700 3779 954 3892 torquentium,
978 3805 1022 3859 ne
1050 3807 1071 3856 a
1091 3777 1218 3868 semini
1236 3775 1329 3890 ,spera
1426 3843 1428 3852 .
