3120 4860
351 369 421 442 2'60
557 353 1140 432 CLC'onuaiirTiic'irt
1197 373 1200 378 ’

353 538 438 614 nihil
455 537 499 608 de
515 532 773 606 immortalitate
789 533 928 622 animae,
960 535 993 606 δι
1021 531 1223 630 sapientium
1247 531 1329 630 pls-

353 657 439 745 citis,
466 654 523 728 sed
540 655 628 728 levia
645 655 812 746 carmina,
841 652 1007 727 &faciles
1024 652 1149 727 versus.
1199 657 1329 726 Servo<¹

351 803 427 849 rum
450 776 534 848 alios
563 775 758 874 largitione,
784 775 952 874 quosdam
968 775 1165 848 verberibus
1182 772 1329 851 adfecit.
1385 862 1391 868 ,

253 887 256 903 ’
349 897 431 971 lniit
450 903 482 970 ὅτ
500 897 586 987 vias,
605 895 726 970 somno
738 896 889 986 indulsit,
907 916 961 985 ut,
974 921 1189 992 quamquam
1205 895 1330 968 enada

351 1043 459 1109 mors,
477 1016 627 1090 fortuita
645 1017 760 1092 similis
778 1019 870 1090 esset.
919 1019 978 1089 Ne
994 1015 1163 1090 codicillis
1181 1015 1328 1112 quidem

354 1139 472 1236 (quod
495 1138 649 1236 plerique
667 1137 903 1236 pereuntium)
930 1139 1110 1212 Neronem
1126 1157 1185 1210 aut
1201 1137 1272 1236 Tig
1292 1138 1327 1208 l-

350 1258 479 1349 linum,
498 1279 558 1332 aut
575 1285 681 1358 quem
709 1259 818 1350 alium
845 1259 1040 1356 potentium
1068 1259 1224 1332 adulatus
1249 1257 1327 1330 est:

352 1379 411 1452 sed
430 1380 559 1478 flagitia
575 1379 758 1474 Principis,
783 1379 845 1453 sub
867 1379 1066 1453 nominibus
1093 1381 1325 1468 exoletorum,

352 1500 642 1595 feminarumque,
675 1501 708 1570 δι
736 1498 888 1570 novitate
922 1495 1087 1596 cujusque
1103 1501 1226 1596 stupri,
1250 1523 1327 1596 per-

352 1621 493 1715 scripsit,
523 1638 628 1712 atque
650 1619 829 1713 obfiguata
856 1617 947 1690 misit
969 1620 1129 1692 Neroni:
1153 1618 1330 1716 fregitque

351 1741 509 1825 anulum,
535 1761 578 1807 ne
595 1761 680 1807 mox
698 1735 771 1808 usui
787 1739 869 1808 esset
895 1738 940 1808 ad
967 1737 1122 1810 facienda
1137 1737 1303 1834 pericula.

399 1859 483 1930 XX.
511 1861 746 1929 humorum
776 1855 913 1928 Neroni
940 1878 1095 1954 quonam
1112 1858 1221 1930 modo
1238 1885 1328 1934 noc·

350 1978 439 2052 tium
467 1973 606 2050 suarum
639 1976 778 2074 ingenia
811 1975 1035 2077 notescerent,
1061 1979 1203 2052 offertur
1230 1979 1326 2070 Silia,

351 2098 574 2186 matrimonio
592 2097 754 2171 senatoris
772 2097 867 2170 haud
882 2098 1015 2196 ignota,
1042 2103 1075 2172 ἃ
1098 2098 1160 2196 ipsi
1182 2101 1228 2173 ad
1250 2127 1329 2173 om-

352 2244 435 2293 nem
464 2219 645 2293 libidinem
671 2195 809 2309 adscita,
835 2245 875 2292 ac
902 2221 1066 2294 Petronio
1083 2221 1255 2320 perquam
1275 2220 1330 2294 fa-¹

352 2341 514 2413 miliaris:
542 2339 658 2436 agitur
686 2338 721 2410 iri
750 2339 922 2430 exsilium,
948 2362 1129 2440 tamquam
1151 2369 1222 2417 non
1249 2344 1326 2416 silu-

350 2463 427 2534 isset
444 2487 521 2558 quae
539 2459 672 2531 viderat
689 2461 958 2564 pertuleratque,
974 2462 1112 2560 pro'prio
1133 2463 1226 2540 odio,
1276 2467 1328 2536 A:

351 2580 564 2655 Numicium
581 2580 793 2669 Thermum,
818 2583 966 2676 praeturs
980 2581 1153 2672 funstum,
1178 2584 1329 2682 Tigelli.

351 2701 388 2774 ni
407 2699 635 2804 simultatibus
652 2699 798 2797 dedidit,
813 2704 894 2796 quia
910 2702 1052 2777 libertus
1068 2703 1214 2776 Thermi
1230 2727 1329 2801 quae-

352 2823 435 2894 dam
459 2821 504 2892 de
527 2817 707 2917 Tigellino
730 2821 915 2894 criminose
943 2825 1125 2914 detulerat,
1153 2851 1230 2922 quae
1248 2851 1328 2898 cru-

352 2941 497 3016 ciatibus
535 2959 786 3012 tormentorum
818 2939 901 3038 ipse,
936 2965 1103 3042 patronus
1137 2944 1208 3044 ejus
1243 2971 1329 3020 nece

353 3062 527 3135 immeriti
553 3062 671 3132 lueret.

404 3184 508 3277 XXl.
533 3183 569 3251 T
573 3205 790 3285 nucinuris
807 3203 860 3256 tot
877 3184 1065 3284 insignibus
1084 3188 1176 3279 viris,
1202 3188 1247 3265 ad
1265 3213 1327 3286 po-

245 3369 247 3374 ,
352 3303 520 3374 strenium
538 3303 636 3372 Nero
653 3301 819 3376 virtutem
845 3305 956 3402 ipsam
982 3307 1179 3382 exscindere
1196 3334 1328 3383 concu-

351 3422 455 3520 pivit,
487 3421 668 3494 interfedto
695 3423 845 3498 Thrases
870 3429 980 3516 Paeto,
1007 3433 1041 3500 δι
1070 3431 1173 3502 Bares
1200 3431 1335 3502 Sorano

277 3542 279 3548 ’
329 3536 438 3615 ¹olim
464 3541 612 3639 utrisque
633 3541 796 3635 infensus,
822 3549 1127 3622 &accedentibus
1159 3555 1265 3625 caufis
1294 3552 1332 3624 iii

351 3661 566 3736 Thraseam:
599 3661 696 3757 quod
726 3663 842 3738 senatu
878 3671 1024 3766 egressus
1058 3669 1120 3762 est,
1160 3674 1244 3746 clim
1283 3669 1334 3745 do

242 3856 245 3861 ,
352 3782 548 3883 Agrippinas
569 3781 760 3880 referretur,
779 3806 818 3860 ut
834 3790 1048 3864 memoravi:
1076 3793 1243 3890 quodque
1259 3793 1327 3888 Ju-
