3076 4868
330 337 379 429 46
526 333 567 404 C.
609 331 878 404 Conrr'nart
918 329 1120 410 Tacrrr
1173 285 1174 292 ἵ

328 511 407 584 Nec
423 505 624 581 detrectavit
640 532 798 606 pugnarn
822 509 1006 599 Gotarzes,
1029 507 1216 586 deminutis
1231 513 1311 588 hos-

231 673 235 680 ·
327 627 420 703 tibus
436 625 548 701 ferox.
596 628 886 728 Concursumque
903 630 1031 729 magna
1048 631 1158 721 caede,
1183 635 1217 706 ὅτ
1235 658 1311 706 am·

328 747 440 846 biguo
463 769 590 824 eventu
600 733 614 822 ἐ
646 751 759 825 donec
775 750 1003 842 Carrhenem,
1036 749 1228 850 profligatis
1246 757 1310 828 ob·

327 873 442 959 versrs,
461 871 601 970 longius
617 875 778 946 evectum
793 871 927 972 integer
943 899 964 946 a
980 892 1082 971 tergo
1099 874 1227 971 globus
1243 874 1325 949 cir-'

326 992 555 1066 cumveniret.
603 994 703 1068 Turn
719 993 817 1068 omni
834 991 892 1092 spe
914 993 1061 1091 perditi,
1087 995 1311 1070 Meherdates

326 1113 490 1211 promissa
508 1115 700 1206 Parrhacis,
727 1113 859 1212 paterni
880 1113 1030 1205 clientis,
1052 1111 1200 1206 secutus,
1225 1117 1311 1190 dolo

327 1231 399 1331 ejus
433 1235 608 1322 vincitur3
642 1217 871 1340 'traditurque
901 1234 1038 1314 vistori.
1100 1238 1220 1334 Atque
1252 1235 1312 1310 ille

326 1362 355 1397 “
375 1381 451 1428 non
469 1356 724 1456 propinquum,
742 1381 858 1454 neque
881 1355 1016 1432 Arsacis
1040 1355 1086 1428 de
1110 1375 1228 1454 gente,
1253 1354 1312 1432 sed

306 1474 354 1518 '“
372 1476 605 1574 alienigenam
635 1481 669 1548 δι
694 1475 925 1548 Romanum'’
946 1473 1144 1569 increpans,
1171 1477 1311 1554 auribus
1328 1547 1331 1558 ,

324 1593 447 1668 decisrs
472 1595 588 1668 vivere
609 1592 724 1691 jubet,
754 1591 905 1668 ostentui
933 1591 1127 1666 clementiae
1155 1593 1239 1685 sua,
1274 1601 1309 1671 δι
1353 1673 1354 1682 ,

324 1715 362 1788 in
391 1741 456 1788 nos
487 1715 810 1791 dehonestamento.
859 1712 953 1788 Dein
983 1715 1154 1788 Gotarzes
1182 1717 1310 1792 morbo

324 1833 427 1926 obiit,
469 1834 668 1934 accitusque
707 1824 744 1908 in
777 1860 928 1934 regnum
968 1837 1150 1925 Vonones,
1188 1835 1309 1927 Medis
1398 1927 1401 1936 ι

95 2029 98 2046 ,
220 2031 228 2050 ,
323 1979 401 2036 tum
419 1958 613 2056 praesrdens.
638 1957 775 2037 xNulla
789 1955 870 2032 huic
884 1954 1056 2054 prospera,
1075 1975 1134 2030 aut
1152 1957 1307 2049 adversa,

324 2080 403 2178 quis
421 2097 682 2154 memoraretur.
703 2137 705 2140 .
730 2076 833 2152 Brevi
849 2080 881 2150 δι
898 2075 1049 2176 inglorio
1065 2077 1214 2176 imperio
1231 2105 1308 2177 per·

324 2199 464 2275 fundus
485 2199 557 2274 est:
583 2197 705 2299 resque
720 2199 929 2274 Parthorum
946 2197 983 2272 in
1008 2197 1123 2275 filium
1139 2196 1211 2298 ejus
1235 2202 1309 2274 Vo-

324 2320 464 2422 logesen
480 2322 658 2395 transsatae.
951 2383 954 2398 .
982 2385 984 2394 r

370 2441 454 2534 XV.
496 2443 557 2512 Ar
590 2441 888 2513 Mrrrrnrnnras
920 2439 1152 2536 Bosporanus,
1184 2439 1309 2516 amiffis

323 2561 451 2660 opibus
466 2583 591 2656 vagus,
618 2557 845 2655 posteaquam
857 2557 1006 2632 Didium
1023 2561 1152 2632 ducem
1170 2562 1317 2632 Roma-1

322 2706 424 2769 num,
459 2681 636 2776 roburque
664 2657 833 2752 exercitos
859 2677 965 2753 abiffe
994 2698 1222 2778 cognoverat,
1252 2703 1307 2752 rea

321 2801 420 2874 lidos
436 2799 471 2874 in
488 2825 583 2872 novo
599 2825 709 2900 regno
724 2800 841 2897 Cotyn
850 2798 996 2899 juvent&
1008 2801 1147 2889 rudem,
1166 2803 1200 2872 δι
1218 2826 1304 2900 pau-

320 2948 378 2996 cas
390 2920 587 2998 cohortium
603 2947 687 2996 cum
704 2921 800 3018 Julio
818 2919 965 3020 Aquila,
986 2919 1104 3019 equite
1118 2922 1285 2998 Romano
1290 2950 1314 3014 3x

319 3041 436 3140 spretis
454 3041 614 3140 utrisque,
633 3043 771 3120 concire
786 3042 957 3134 nationes,
971 3041 1110 3115 inlicere
1127 3039 1302 3142 perfugas,

320 3162 497 3262 postremo
525 3161 680 3238 exercitu
708 3165 843 3253 coado,
870 3188 992 3262 regem
1019 3161 1304 3238 Dandaridarum

301 3308 310 3318 ··
320 3287 500 3376 exturbat,
522 3283 740 3382 imperioque
756 3281 827 3381 ejus
844 3283 986 3381 potitur.
1035 3287 1126 3384 Qrae
1143 3283 1204 3357 ubi
1216 3309 1302 3382 cog·

320 3406 405 3496 nita,
426 3405 540 3504 &jam
550 3403 694 3503 jamque
706 3401 894 3501 Bosporum
906 3403 1081 3480 invasurus
1098 3403 1302 3496 habebatur,

320 3527 419 3600 diffisr
437 3524 589 3622 propriis
608 3523 738 3598 viribus
762 3524 895 3622 Aquila
913 3530 947 3599 Bc
965 3526 1087 3620 Cotys,
1115 3522 1196 3621 quia
1212 3525 1300 3599 Zor-

320 3650 419 3735 fines,
445 3645 641 3720 Siracorum
664 3669 740 3736 rex,
766 3645 903 3720 hostilia
923 3645 1160 3744 resumpserat,
1184 3665 1301 3720 exter·

319 3764 507 3866 naS'&ips1
526 3765 650 3869 gratias
674 3767 874 3870 quaesrvdre,
892 3765 997 3844 miffis
1015 3765 1136 3870 legatis
1152 3767 1197 3848 ad
1220 3766 1295 3846 Eu-
