<?xml version="1.0" encoding="UTF-8"?>
<!DOCTYPE html PUBLIC "-//W3C//DTD XHTML 1.0 Transitional//EN"
    "http://www.w3.org/TR/xhtml1/DTD/xhtml1-transitional.dtd">
<html xmlns="http://www.w3.org/1999/xhtml" xml:lang="en" lang="en">
 <head>
  <title>
</title>
<meta http-equiv="Content-Type" content="text/html;charset=utf-8" />
  <meta name='ocr-system' content='tesseract 3.04.00' />
  <meta name='ocr-capabilities' content='ocr_page ocr_carea ocr_par ocr_line ocrx_word'/>
</head>
<body>
  <div class='ocr_page' id='page_1' title='image "./ccorneliitaciti03freigoog_0128.png"; bbox 0 0 3126 4864; ppageno 0'>
   <div class='ocr_carea' id='block_1_1' title="bbox 420 400 1303 502">
    <p class='ocr_par' dir='ltr' id='par_1_1' title="bbox 420 400 1303 502">
     <span class='ocr_line' id='line_1_1' title="bbox 420 400 1303 502; baseline -0.002 -24"><span class='ocrx_word' id='word_1_1' title='bbox 420 409 728 480; x_wconf 76' lang='lat' dir='ltr'><strong>Auxanruu</strong></span> <span class='ocrx_word' id='word_1_2' title='bbox 759 405 876 492; x_wconf 78' lang='lat' dir='ltr'><strong>L1a.</strong></span> <span class='ocrx_word' id='word_1_3' title='bbox 910 400 1012 476; x_wconf 90' lang='lat' dir='ltr'><strong>XIII.</strong></span> <span class='ocrx_word' id='word_1_4' title='bbox 1163 425 1230 502; x_wconf 75' lang='grc' dir='ltr'><strong>ης</strong></span> <span class='ocrx_word' id='word_1_5' title='bbox 1301 481 1303 488; x_wconf 61' lang='grc'>,</span> 
     </span>
    </p>
   </div>
   <div class='ocr_carea' id='block_1_2' title="bbox 184 572 1231 2475">
    <p class='ocr_par' dir='ltr' id='par_1_2' title="bbox 187 572 1231 1032">
     <span class='ocr_line' id='line_1_2' title="bbox 256 572 1227 674; baseline -0.002 -24"><span class='ocrx_word' id='word_1_6' title='bbox 256 577 344 650; x_wconf 86' lang='lat' dir='ltr'><strong>latus</strong></span> <span class='ocrx_word' id='word_1_7' title='bbox 391 596 520 674; x_wconf 82' lang='lat' dir='ltr'><strong>ageret,</strong></span> <span class='ocrx_word' id='word_1_8' title='bbox 554 576 742 674; x_wconf 87' lang='lat' dir='ltr'><strong>provinciae</strong></span> <span class='ocrx_word' id='word_1_9' title='bbox 787 573 974 648; x_wconf 69' lang='lat' dir='ltr'><strong>Lusitania</strong></span> <span class='ocrx_word' id='word_1_10' title='bbox 1016 572 1227 671; x_wconf 74' lang='lat' dir='ltr'><strong>praeficitur:</strong></span> 
     </span>
     <span class='ocr_line' id='line_1_3' title="bbox 250 691 1228 793; baseline -0.006 -25"><span class='ocrx_word' id='word_1_11' title='bbox 250 695 312 768; x_wconf 91' lang='lat' dir='ltr'><strong>ubi</strong></span> <span class='ocrx_word' id='word_1_12' title='bbox 330 695 498 793; x_wconf 90' lang='lat' dir='ltr'><strong>usquead</strong></span> <span class='ocrx_word' id='word_1_13' title='bbox 517 697 634 770; x_wconf 88' lang='lat' dir='ltr'><strong>civilia</strong></span> <span class='ocrx_word' id='word_1_14' title='bbox 651 723 759 784; x_wconf 84' lang='lat' dir='ltr'><strong>arma,</strong></span> <span class='ocrx_word' id='word_1_15' title='bbox 787 722 858 768; x_wconf 93' lang='lat' dir='ltr'><strong>non</strong></span> <span class='ocrx_word' id='word_1_16' title='bbox 875 721 919 768; x_wconf 87' lang='lat' dir='ltr'><strong>ex</strong></span> <span class='ocrx_word' id='word_1_17' title='bbox 945 691 1228 792; x_wconf 69' lang='lat' dir='ltr'><strong>priote&#39;insamifi,</strong></span> 
     </span>
     <span class='ocr_line' id='line_1_4' title="bbox 254 812 1231 915; baseline -0.002 -27"><span class='ocrx_word' id='word_1_18' title='bbox 254 813 312 888; x_wconf 89' lang='lat' dir='ltr'><strong>sed</strong></span> <span class='ocrx_word' id='word_1_19' title='bbox 330 815 462 915; x_wconf 69' lang='lat' dir='ltr'><strong>integre</strong></span> <span class='ocrx_word' id='word_1_20' title='bbox 477 814 661 913; x_wconf 69' lang='lat' dir='ltr'><strong>sandeque</strong></span> <span class='ocrx_word' id='word_1_21' title='bbox 677 815 762 914; x_wconf 84' lang='lat' dir='ltr'><strong>egit,</strong></span> <span class='ocrx_word' id='word_1_22' title='bbox 782 837 910 913; x_wconf 87' lang='lat' dir='ltr'><strong>procax</strong></span> <span class='ocrx_word' id='word_1_23' title='bbox 933 815 1008 906; x_wconf 91' lang='lat' dir='ltr'><strong>otii,</strong></span> <span class='ocrx_word' id='word_1_24' title='bbox 1027 819 1060 888; x_wconf 74' lang='grc' dir='ltr'><strong>δε</strong></span> <span class='ocrx_word' id='word_1_25' title='bbox 1081 812 1231 911; x_wconf 82' lang='lat' dir='ltr'><strong>potesta·</strong></span> 
     </span>
     <span class='ocr_line' id='line_1_5' title="bbox 187 935 1015 1032; baseline 0.002 -25"><span class='ocrx_word' id='word_1_26' title='bbox 187 979 191 992; x_wconf 34' lang='grc' dir='ltr'><em>κ</em></span> <span class='ocrx_word' id='word_1_27' title='bbox 253 935 331 1008; x_wconf 89' lang='lat' dir='ltr'><strong>tatis</strong></span> <span class='ocrx_word' id='word_1_28' title='bbox 355 936 611 1032; x_wconf 83' lang='lat' dir='ltr'><strong>temperantior.</strong></span> <span class='ocrx_word' id='word_1_29' title='bbox 819 953 822 962; x_wconf 83' lang='grc'><strong>’</strong></span> <span class='ocrx_word' id='word_1_30' title='bbox 1011 1019 1015 1028; x_wconf 14' lang='lat' dir='ltr'><strong>K</strong></span> 
     </span>
    </p>

    <p class='ocr_par' dir='ltr' id='par_1_3' title="bbox 184 1055 1230 2475">
     <span class='ocr_line' id='line_1_6' title="bbox 302 1055 1229 1156; baseline 0 -28"><span class='ocrx_word' id='word_1_31' title='bbox 302 1057 455 1128; x_wconf 88' lang='lat' dir='ltr'><strong>XLVII.</strong></span> <span class='ocrx_word' id='word_1_32' title='bbox 480 1057 708 1130; x_wconf 71' lang='lat' dir='ltr'><strong>Haterianus</strong></span> <span class='ocrx_word' id='word_1_33' title='bbox 727 1057 827 1131; x_wconf 90' lang='lat' dir='ltr'><strong>Nero</strong></span> <span class='ocrx_word' id='word_1_34' title='bbox 845 1057 982 1156; x_wconf 87' lang='lat' dir='ltr'><strong>flagitiis</strong></span> <span class='ocrx_word' id='word_1_35' title='bbox 1000 1055 1229 1134; x_wconf 82' lang='lat' dir='ltr'><strong>&amp;sceleribus</strong></span> 
     </span>
     <span class='ocr_line' id='line_1_7' title="bbox 184 1175 1229 1274; baseline 0 -26"><span class='ocrx_word' id='word_1_36' title='bbox 184 1203 189 1218; x_wconf 72' lang='lat'><strong><em>¹</em></strong></span> <span class='ocrx_word' id='word_1_37' title='bbox 254 1177 452 1248; x_wconf 91' lang='lat' dir='ltr'><strong>velamenta</strong></span> <span class='ocrx_word' id='word_1_38' title='bbox 471 1175 638 1272; x_wconf 83' lang='lat' dir='ltr'><strong>quaefivit.</strong></span> <span class='ocrx_word' id='word_1_39' title='bbox 687 1176 907 1274; x_wconf 69' lang='lat' dir='ltr'><strong>Suspedtabat</strong></span> <span class='ocrx_word' id='word_1_40' title='bbox 929 1177 1081 1252; x_wconf 73' lang='lat' dir='ltr'><strong>maxime</strong></span> <span class='ocrx_word' id='word_1_41' title='bbox 1098 1178 1229 1250; x_wconf 88' lang='lat' dir='ltr'><strong>Corne·</strong></span> 
     </span>
     <span class='ocr_line' id='line_1_8' title="bbox 255 1293 1230 1395; baseline 0.005 -29"><span class='ocrx_word' id='word_1_42' title='bbox 255 1294 345 1368; x_wconf 92' lang='lat' dir='ltr'><strong>lium</strong></span> <span class='ocrx_word' id='word_1_43' title='bbox 374 1296 520 1383; x_wconf 82' lang='lat' dir='ltr'>Sullam,</span> <span class='ocrx_word' id='word_1_44' title='bbox 546 1293 663 1370; x_wconf 79' lang='lat' dir='ltr'><strong>socors‘</strong></span> <span class='ocrx_word' id='word_1_45' title='bbox 675 1297 857 1393; x_wconf 85' lang='lat' dir='ltr'><strong>ingenium</strong></span> <span class='ocrx_word' id='word_1_46' title='bbox 876 1295 946 1395; x_wconf 87' lang='lat' dir='ltr'><strong>ejus</strong></span> <span class='ocrx_word' id='word_1_47' title='bbox 963 1297 999 1368; x_wconf 91' lang='lat' dir='ltr'><strong>in</strong></span> <span class='ocrx_word' id='word_1_48' title='bbox 1016 1297 1230 1370; x_wconf 87' lang='lat' dir='ltr'><strong>contrarium</strong></span> 
     </span>
     <span class='ocr_line' id='line_1_9' title="bbox 254 1414 1230 1516; baseline 0.003 -31"><span class='ocrx_word' id='word_1_49' title='bbox 254 1416 407 1501; x_wconf 87' lang='lat' dir='ltr'><strong>trahens,</strong></span> <span class='ocrx_word' id='word_1_50' title='bbox 427 1414 664 1512; x_wconf 83' lang='lat' dir='ltr'><strong>callidumque</strong></span> <span class='ocrx_word' id='word_1_51' title='bbox 693 1422 726 1490; x_wconf 82' lang='lat' dir='ltr'><strong>dc</strong></span> <span class='ocrx_word' id='word_1_52' title='bbox 754 1419 988 1492; x_wconf 90' lang='lat' dir='ltr'><strong>fimulatorem</strong></span> <span class='ocrx_word' id='word_1_53' title='bbox 1006 1415 1230 1516; x_wconf 89' lang='lat' dir='ltr'><strong>interpretan-</strong></span> 
     </span>
     <span class='ocr_line' id='line_1_10' title="bbox 254 1534 1229 1634; baseline 0.002 -28"><span class='ocrx_word' id='word_1_54' title='bbox 254 1535 313 1606; x_wconf 91' lang='lat' dir='ltr'><strong>do.</strong></span> <span class='ocrx_word' id='word_1_55' title='bbox 355 1537 482 1629; x_wconf 60' lang='lat' dir='ltr'><strong>xQuem</strong></span> <span class='ocrx_word' id='word_1_56' title='bbox 501 1555 634 1608; x_wconf 88' lang='lat' dir='ltr'><strong>metum</strong></span> <span class='ocrx_word' id='word_1_57' title='bbox 652 1539 818 1634; x_wconf 84' lang='lat' dir='ltr'><strong>Graptus,</strong></span> <span class='ocrx_word' id='word_1_58' title='bbox 853 1563 898 1610; x_wconf 90' lang='lat' dir='ltr'><strong>ex</strong></span> <span class='ocrx_word' id='word_1_59' title='bbox 926 1535 1057 1610; x_wconf 85' lang='lat' dir='ltr'><strong>libertis</strong></span> <span class='ocrx_word' id='word_1_60' title='bbox 1073 1534 1229 1626; x_wconf 86' lang='lat' dir='ltr'><strong>Caesaris,</strong></span> 
     </span>
     <span class='ocr_line' id='line_1_11' title="bbox 252 1647 1230 1755; baseline 0.001 -28"><span class='ocrx_word' id='word_1_61' title='bbox 252 1651 315 1727; x_wconf 91' lang='lat' dir='ltr'><strong>usu</strong></span> <span class='ocrx_word' id='word_1_62' title='bbox 334 1656 368 1724; x_wconf 73' lang='lat' dir='ltr'><strong>dr</strong></span> <span class='ocrx_word' id='word_1_63' title='bbox 398 1651 530 1725; x_wconf 69' lang='lat' dir='ltr'><strong>senecld</strong></span> <span class='ocrx_word' id='word_1_64' title='bbox 548 1655 580 1726; x_wconf 72' lang='lat' dir='ltr'><strong>&#39;a</strong></span> <span class='ocrx_word' id='word_1_65' title='bbox 609 1655 752 1730; x_wconf 86' lang='lat' dir='ltr'><strong>Tiberio</strong></span> <span class='ocrx_word' id='word_1_66' title='bbox 779 1655 888 1755; x_wconf 88' lang='lat' dir='ltr'><strong>usque</strong></span> <span class='ocrx_word' id='word_1_67' title='bbox 917 1647 1067 1732; x_wconf 85' lang='lat' dir='ltr'><strong>domum</strong></span> <span class='ocrx_word' id='word_1_68' title='bbox 1097 1656 1230 1732; x_wconf 88' lang='lat' dir='ltr'><strong>Princi-</strong></span> 
     </span>
     <span class='ocr_line' id='line_1_12' title="bbox 252 1773 1227 1869; baseline 0.004 -25"><span class='ocrx_word' id='word_1_69' title='bbox 252 1799 338 1869; x_wconf 86' lang='lat' dir='ltr'><strong>pum</strong></span> <span class='ocrx_word' id='word_1_70' title='bbox 356 1773 513 1863; x_wconf 75' lang='lat' dir='ltr'><strong>edodlus,</strong></span> <span class='ocrx_word' id='word_1_71' title='bbox 531 1774 592 1852; x_wconf 87' lang='lat' dir='ltr'><strong>tali</strong></span> <span class='ocrx_word' id='word_1_72' title='bbox 609 1777 793 1850; x_wconf 86' lang='lat' dir='ltr'><strong>mendacio</strong></span> <span class='ocrx_word' id='word_1_73' title='bbox 810 1778 972 1854; x_wconf 81' lang='lat' dir='ltr'><strong>intendit.</strong></span> <span class='ocrx_word' id='word_1_74' title='bbox 1021 1778 1115 1852; x_wconf 90' lang='lat' dir='ltr'><strong>Pons</strong></span> <span class='ocrx_word' id='word_1_75' title='bbox 1138 1776 1227 1850; x_wconf 80' lang='lat' dir='ltr'><strong>Mil·</strong></span> 
     </span>
     <span class='ocr_line' id='line_1_13' title="bbox 251 1892 1229 1990; baseline 0.005 -26"><span class='ocrx_word' id='word_1_76' title='bbox 251 1892 328 1965; x_wconf 92' lang='lat' dir='ltr'><strong>vius</strong></span> <span class='ocrx_word' id='word_1_77' title='bbox 350 1892 388 1966; x_wconf 88' lang='lat' dir='ltr'><strong>in</strong></span> <span class='ocrx_word' id='word_1_78' title='bbox 416 1918 458 1965; x_wconf 91' lang='lat' dir='ltr'><strong>eo</strong></span> <span class='ocrx_word' id='word_1_79' title='bbox 486 1913 660 1990; x_wconf 87' lang='lat' dir='ltr'><strong>ternpore,</strong></span> <span class='ocrx_word' id='word_1_80' title='bbox 689 1897 834 1970; x_wconf 86' lang='lat' dir='ltr'><strong>celebris</strong></span> <span class='ocrx_word' id='word_1_81' title='bbox 850 1897 1028 1974; x_wconf 77' lang='lat' dir='ltr'><strong>nocturnis</strong></span> <span class='ocrx_word' id='word_1_82' title='bbox 1045 1897 1229 1970; x_wconf 86' lang='lat' dir='ltr'><strong>inlecebris</strong></span> 
     </span>
     <span class='ocr_line' id='line_1_14' title="bbox 251 2013 1227 2110; baseline 0.005 -25"><span class='ocrx_word' id='word_1_83' title='bbox 251 2033 343 2085; x_wconf 88' lang='lat' dir='ltr'><strong>erat:</strong></span> <span class='ocrx_word' id='word_1_84' title='bbox 374 2013 637 2110; x_wconf 80' lang='lat' dir='ltr'><strong>ventitabatque</strong></span> <span class='ocrx_word' id='word_1_85' title='bbox 654 2014 745 2094; x_wconf 69' lang='lat' dir='ltr'><strong>¹illuc</strong></span> <span class='ocrx_word' id='word_1_86' title='bbox 767 2017 881 2104; x_wconf 92' lang='lat' dir='ltr'><strong>Nero,</strong></span> <span class='ocrx_word' id='word_1_87' title='bbox 897 2015 970 2110; x_wconf 68' lang='lat' dir='ltr'><strong>quo</strong></span> <span class='ocrx_word' id='word_1_88' title='bbox 992 2015 1133 2089; x_wconf 76' lang='lat' dir='ltr'><strong>solutius</strong></span> <span class='ocrx_word' id='word_1_89' title='bbox 1155 2021 1227 2090; x_wconf 86' lang='lat' dir='ltr'><strong>Ur-</strong></span> 
     </span>
     <span class='ocr_line' id='line_1_15' title="bbox 251 2131 1229 2231; baseline 0.004 -25"><span class='ocrx_word' id='word_1_90' title='bbox 251 2135 333 2206; x_wconf 89' lang='lat' dir='ltr'><strong>bem</strong></span> <span class='ocrx_word' id='word_1_91' title='bbox 360 2153 458 2206; x_wconf 86' lang='lat' dir='ltr'><strong>extra</strong></span> <span class='ocrx_word' id='word_1_92' title='bbox 486 2131 668 2210; x_wconf 87' lang='lat' dir='ltr'><strong>lasciviret.</strong></span> <span class='ocrx_word' id='word_1_93' title='bbox 734 2132 847 2228; x_wconf 84' lang='lat' dir='ltr'><strong>Igitur</strong></span> <span class='ocrx_word' id='word_1_94' title='bbox 887 2133 1134 2228; x_wconf 85' lang='lat' dir='ltr'><strong>“regredienti</strong></span> <span class='ocrx_word' id='word_1_95' title='bbox 1169 2163 1229 2231; x_wconf 89' lang='lat' dir='ltr'><strong>per</strong></span> 
     </span>
     <span class='ocr_line' id='line_1_16' title="bbox 252 2251 1229 2351; baseline 0.001 -24"><span class='ocrx_word' id='word_1_96' title='bbox 252 2254 396 2328; x_wconf 87' lang='lat' dir='ltr'><strong>“viam</strong></span> <span class='ocrx_word' id='word_1_97' title='bbox 425 2251 636 2334; x_wconf 87' lang='lat' dir='ltr'><strong>Flaminiam</strong></span> <span class='ocrx_word' id='word_1_98' title='bbox 665 2255 869 2348; x_wconf 86' lang='lat' dir='ltr'><strong>composrtas</strong></span> <span class='ocrx_word' id='word_1_99' title='bbox 899 2251 1049 2342; x_wconf 88' lang='lat' dir='ltr'><strong>infidias,</strong></span> <span class='ocrx_word' id='word_1_100' title='bbox 1087 2253 1229 2351; x_wconf 84' lang='lat' dir='ltr'><strong>satoque</strong></span> 
     </span>
     <span class='ocr_line' id='line_1_17' title="bbox 251 2370 1229 2475; baseline 0.001 -29"><span class='ocrx_word' id='word_1_101' title='bbox 251 2381 279 2418; x_wconf 91' lang='lat'><strong>“</strong></span> <span class='ocrx_word' id='word_1_102' title='bbox 299 2374 456 2461; x_wconf 88' lang='lat' dir='ltr'><strong>evitatas,</strong></span> <span class='ocrx_word' id='word_1_103' title='bbox 493 2370 661 2469; x_wconf 89' lang='lat' dir='ltr'><strong>quoniam</strong></span> <span class='ocrx_word' id='word_1_104' title='bbox 690 2371 836 2460; x_wconf 34' lang='lat' dir='ltr'><strong>diverso,</strong></span> <span class='ocrx_word' id='word_1_105' title='bbox 856 2371 977 2475; x_wconf 88' lang='lat' dir='ltr'><strong>itinere</strong></span> <span class='ocrx_word' id='word_1_106' title='bbox 1007 2371 1229 2448; x_wconf 78' lang='lat' dir='ltr'><strong>Sallustianos</strong></span> 
     </span>
    </p>
   </div>
   <div class='ocr_carea' id='block_1_3' title="bbox 252 2490 1362 2590">
    <p class='ocr_par' dir='ltr' id='par_1_4' title="bbox 252 2490 1362 2590">
     <span class='ocr_line' id='line_1_18' title="bbox 252 2490 1362 2590; baseline 0.001 -24"><span class='ocrx_word' id='word_1_107' title='bbox 252 2495 335 2566; x_wconf 90' lang='lat' dir='ltr'><strong>“in</strong></span> <span class='ocrx_word' id='word_1_108' title='bbox 361 2496 481 2568; x_wconf 90' lang='lat' dir='ltr'><strong>hortos</strong></span> <span class='ocrx_word' id='word_1_109' title='bbox 513 2492 728 2582; x_wconf 87' lang='lat' dir='ltr'><strong>remeaverit,</strong></span> <span class='ocrx_word' id='word_1_110' title='bbox 766 2495 1015 2589; x_wconf 67' lang='lat' dir='ltr'><strong>audoremque</strong></span> <span class='ocrx_word' id='word_1_111' title='bbox 1049 2490 1123 2590; x_wconf 91' lang='lat' dir='ltr'><strong>ejus</strong></span> <span class='ocrx_word' id='word_1_112' title='bbox 1156 2496 1230 2568; x_wconf 89' lang='lat' dir='ltr'><strong>doli</strong></span> <span class='ocrx_word' id='word_1_113' title='bbox 1307 2517 1313 2534; x_wconf 77' lang='lat'><strong><em>¹</em></strong></span> <span class='ocrx_word' id='word_1_114' title='bbox 1359 2537 1362 2546; x_wconf 87' lang='lat'>·</span> 
     </span>
    </p>
   </div>
   <div class='ocr_carea' id='block_1_4' title="bbox 175 2611 1256 3202">
    <p class='ocr_par' dir='ltr' id='par_1_5' title="bbox 244 2611 1229 2962">
     <span class='ocr_line' id='line_1_19' title="bbox 252 2611 1229 2710; baseline 0.001 -21"><span class='ocrx_word' id='word_1_115' title='bbox 252 2623 280 2668; x_wconf 72' lang='lat'>“</span> <span class='ocrx_word' id='word_1_116' title='bbox 298 2615 473 2704; x_wconf 87' lang='lat' dir='ltr'><strong>Sullam,&#39;&#39;</strong></span> <span class='ocrx_word' id='word_1_117' title='bbox 497 2613 710 2687; x_wconf 87' lang='lat' dir='ltr'><strong>ementitur:</strong></span> <span class='ocrx_word' id='word_1_118' title='bbox 750 2613 833 2710; x_wconf 87' lang='lat' dir='ltr'><strong>quia</strong></span> <span class='ocrx_word' id='word_1_119' title='bbox 866 2611 967 2703; x_wconf 74' lang='lat' dir='ltr'><strong>forte,</strong></span> <span class='ocrx_word' id='word_1_120' title='bbox 1005 2615 1229 2692; x_wconf 85' lang='lat' dir='ltr'><strong>redeuntibus</strong></span> 
     </span>
     <span class='ocr_line' id='line_1_20' title="bbox 244 2731 1225 2832; baseline 0 -22"><span class='ocrx_word' id='word_1_121' title='bbox 244 2735 409 2810; x_wconf 83' lang='lat' dir='ltr'><strong>&#39;ministris</strong></span> <span class='ocrx_word' id='word_1_122' title='bbox 433 2731 620 2832; x_wconf 87' lang='lat' dir='ltr'><strong>Principis,</strong></span> <span class='ocrx_word' id='word_1_123' title='bbox 650 2733 809 2831; x_wconf 89' lang='lat' dir='ltr'><strong>quidam,</strong></span> <span class='ocrx_word' id='word_1_124' title='bbox 833 2760 895 2831; x_wconf 93' lang='lat' dir='ltr'><strong>per</strong></span> <span class='ocrx_word' id='word_1_125' title='bbox 906 2732 1101 2831; x_wconf 85' lang='lat' dir='ltr'><strong>j‘uvenilem</strong></span> <span class='ocrx_word' id='word_1_126' title='bbox 1118 2735 1225 2810; x_wconf 88' lang='lat' dir='ltr'><strong>licen·</strong></span> 
     </span>
     <span class='ocr_line' id='line_1_21' title="bbox 249 2855 1227 2962; baseline 0.002 -33"><span class='ocrx_word' id='word_1_127' title='bbox 249 2858 347 2948; x_wconf 88' lang='lat' dir='ltr'><strong>tiam,</strong></span> <span class='ocrx_word' id='word_1_128' title='bbox 374 2884 453 2954; x_wconf 85' lang='lat' dir='ltr'><strong>quae</strong></span> <span class='ocrx_word' id='word_1_129' title='bbox 480 2876 565 2928; x_wconf 91' lang='lat' dir='ltr'><strong>tunc</strong></span> <span class='ocrx_word' id='word_1_130' title='bbox 588 2857 707 2951; x_wconf 79' lang='lat' dir='ltr'><strong>passim</strong></span> <span class='ocrx_word' id='word_1_131' title='bbox 724 2857 964 2944; x_wconf 80' lang='lat' dir='ltr'><strong>exercebatur,</strong></span> <span class='ocrx_word' id='word_1_132' title='bbox 981 2855 1128 2962; x_wconf 13' lang='lat' dir='ltr'><strong>{inanem</strong></span> <span class='ocrx_word' id='word_1_133' title='bbox 1152 2884 1227 2931; x_wconf 88' lang='lat' dir='ltr'><strong>me-</strong></span> 
     </span>
    </p>

    <p class='ocr_par' dir='ltr' id='par_1_6' title="bbox 175 2973 1256 3202">
     <span class='ocr_line' id='line_1_22' title="bbox 248 2973 1228 3076; baseline 0 -24"><span class='ocrx_word' id='word_1_134' title='bbox 248 2997 328 3052; x_wconf 90' lang='lat' dir='ltr'><strong>tum</strong></span> <span class='ocrx_word' id='word_1_135' title='bbox 343 2975 503 3052; x_wconf 85' lang='lat' dir='ltr'><strong>fecerant.</strong></span> <span class='ocrx_word' id='word_1_136' title='bbox 553 2977 682 3072; x_wconf 90' lang='lat' dir='ltr'><strong>Neque</strong></span> <span class='ocrx_word' id='word_1_137' title='bbox 698 2973 873 3051; x_wconf 87' lang='lat' dir='ltr'><strong>servorum</strong></span> <span class='ocrx_word' id='word_1_138' title='bbox 892 2976 1086 3074; x_wconf 84' lang='lat' dir='ltr'><strong>quisquam,</strong></span> <span class='ocrx_word' id='word_1_139' title='bbox 1113 3005 1228 3076; x_wconf 87' lang='lat' dir='ltr'><strong>neque</strong></span> 
     </span>
     <span class='ocr_line' id='line_1_23' title="bbox 175 3077 1256 3202; baseline 0.004 -32"><span class='ocrx_word' id='word_1_140' title='bbox 175 3077 179 3082; x_wconf 27' lang='grc' dir='ltr'>Ι</span> <span class='ocrx_word' id='word_1_141' title='bbox 249 3097 429 3170; x_wconf 91' lang='lat' dir='ltr'><strong>clientium</strong></span> <span class='ocrx_word' id='word_1_142' title='bbox 447 3097 549 3169; x_wconf 84' lang='lat' dir='ltr'><strong>Sullae</strong></span> <span class='ocrx_word' id='word_1_143' title='bbox 567 3089 728 3193; x_wconf 82' lang='lat' dir='ltr'><strong>agnitus:</strong></span> <span class='ocrx_word' id='word_1_144' title='bbox 758 3095 984 3194; x_wconf 72' lang='lat' dir='ltr'><strong>maximeque</strong></span> <span class='ocrx_word' id='word_1_145' title='bbox 1001 3096 1172 3195; x_wconf 70' lang='lat' dir='ltr'><strong>despedta,</strong></span> <span class='ocrx_word' id='word_1_146' title='bbox 1193 3105 1227 3174; x_wconf 78' lang='lat' dir='ltr'><strong>dt</strong></span> <span class='ocrx_word' id='word_1_147' title='bbox 1252 3195 1256 3202; x_wconf 20' lang='grc'>1</span> 
     </span>
    </p>
   </div>
   <div class='ocr_carea' id='block_1_5' title="bbox 249 3214 1224 3314">
    <p class='ocr_par' dir='ltr' id='par_1_7' title="bbox 249 3214 1224 3314">
     <span class='ocr_line' id='line_1_24' title="bbox 249 3214 1224 3314; baseline 0.004 -24"><span class='ocrx_word' id='word_1_148' title='bbox 249 3218 380 3306; x_wconf 86' lang='lat' dir='ltr'><strong>nullius</strong></span> <span class='ocrx_word' id='word_1_149' title='bbox 402 3219 468 3290; x_wconf 81' lang='lat' dir='ltr'><strong>aust</strong></span> <span class='ocrx_word' id='word_1_150' title='bbox 486 3243 596 3314; x_wconf 85' lang='lat' dir='ltr'><strong>capax</strong></span> <span class='ocrx_word' id='word_1_151' title='bbox 615 3237 734 3290; x_wconf 78' lang='lat' dir='ltr'><strong>natura</strong></span> <span class='ocrx_word' id='word_1_152' title='bbox 751 3214 835 3313; x_wconf 83' lang='lat' dir='ltr'><strong>ejus,</strong></span> <span class='ocrx_word' id='word_1_153' title='bbox 863 3243 883 3289; x_wconf 86' lang='lat' dir='ltr'><strong>a</strong></span> <span class='ocrx_word' id='word_1_154' title='bbox 901 3217 1043 3291; x_wconf 90' lang='lat' dir='ltr'><strong>crimine</strong></span> <span class='ocrx_word' id='word_1_155' title='bbox 1060 3221 1224 3297; x_wconf 82' lang='lat' dir='ltr'><strong>abhorre·-</strong></span> 
     </span>
    </p>
   </div>
   <div class='ocr_carea' id='block_1_6' title="bbox 248 3335 1349 3434">
    <p class='ocr_par' dir='ltr' id='par_1_8' title="bbox 248 3335 1349 3434">
     <span class='ocr_line' id='line_1_25' title="bbox 248 3335 1349 3434; baseline -0.001 -23"><span class='ocrx_word' id='word_1_156' title='bbox 248 3339 334 3411; x_wconf 86' lang='lat' dir='ltr'><strong>bat:</strong></span> <span class='ocrx_word' id='word_1_157' title='bbox 364 3335 507 3434; x_wconf 91' lang='lat' dir='ltr'><strong>perinde</strong></span> <span class='ocrx_word' id='word_1_158' title='bbox 535 3357 666 3425; x_wconf 89' lang='lat' dir='ltr'><strong>tamen,</strong></span> <span class='ocrx_word' id='word_1_159' title='bbox 697 3341 789 3434; x_wconf 82' lang='lat' dir='ltr'><strong>quast</strong></span> <span class='ocrx_word' id='word_1_160' title='bbox 823 3337 1003 3412; x_wconf 74' lang='lat' dir='ltr'><strong>convictus</strong></span> <span class='ocrx_word' id='word_1_161' title='bbox 1038 3341 1133 3430; x_wconf 86' lang='lat' dir='ltr'><strong>effet,</strong></span> <span class='ocrx_word' id='word_1_162' title='bbox 1167 3367 1225 3412; x_wconf 90' lang='lat' dir='ltr'><strong>ce·</strong></span> <span class='ocrx_word' id='word_1_163' title='bbox 1324 3367 1349 3384; x_wconf 57' lang='lat'><em>2</em></span> 
     </span>
    </p>
   </div>
   <div class='ocr_carea' id='block_1_7' title="bbox 241 3456 1330 3918">
    <p class='ocr_par' dir='ltr' id='par_1_9' title="bbox 248 3456 1225 3556">
     <span class='ocr_line' id='line_1_26' title="bbox 248 3456 1225 3556; baseline 0.004 -25"><span class='ocrx_word' id='word_1_164' title='bbox 248 3460 331 3532; x_wconf 88' lang='lat' dir='ltr'><strong>dere</strong></span> <span class='ocrx_word' id='word_1_165' title='bbox 357 3456 480 3554; x_wconf 66' lang='lat' dir='ltr'><strong>patria,</strong></span> <span class='ocrx_word' id='word_1_166' title='bbox 516 3457 553 3528; x_wconf 72' lang='grc' dir='ltr'><strong>δι</strong></span> <span class='ocrx_word' id='word_1_167' title='bbox 582 3456 843 3532; x_wconf 86' lang='lat' dir='ltr'><strong>Maffilienfium</strong></span> <span class='ocrx_word' id='word_1_168' title='bbox 872 3459 1046 3556; x_wconf 89' lang='lat' dir='ltr'><strong>moenibus</strong></span> <span class='ocrx_word' id='word_1_169' title='bbox 1075 3462 1225 3535; x_wconf 70' lang='lat' dir='ltr'><strong>coerceri</strong></span> 
     </span>
    </p>

    <p class='ocr_par' dir='ltr' id='par_1_10' title="bbox 241 3575 1330 3784">
     <span class='ocr_line' id='line_1_27' title="bbox 241 3575 1330 3674; baseline 0.003 -24"><span class='ocrx_word' id='word_1_170' title='bbox 241 3575 395 3674; x_wconf 74' lang='lat' dir='ltr'><strong>jubetur,</strong></span> <span class='ocrx_word' id='word_1_171' title='bbox 508 3615 514 3622; x_wconf 88' lang='lat'><em>·</em></span> <span class='ocrx_word' id='word_1_172' title='bbox 1207 3589 1211 3600; x_wconf 79' lang='grc'><strong>“</strong></span> <span class='ocrx_word' id='word_1_173' title='bbox 1327 3657 1330 3662; x_wconf 66' lang='grc'><strong>,</strong></span> 
     </span>
     <span class='ocr_line' id='line_1_28' title="bbox 289 3697 1223 3784; baseline 0.002 -12"><span class='ocrx_word' id='word_1_174' title='bbox 289 3700 477 3784; x_wconf 80' lang='lat' dir='ltr'><strong>XLVIII.</strong></span> <span class='ocrx_word' id='word_1_175' title='bbox 515 3701 657 3770; x_wconf 74' lang='lat' dir='ltr'><strong>nsum</strong></span> <span class='ocrx_word' id='word_1_176' title='bbox 685 3697 881 3774; x_wconf 90' lang='lat' dir='ltr'><strong>consulibus</strong></span> <span class='ocrx_word' id='word_1_177' title='bbox 909 3701 1034 3775; x_wconf 83' lang='lat' dir='ltr'><strong>auditae</strong></span> <span class='ocrx_word' id='word_1_178' title='bbox 1060 3703 1223 3775; x_wconf 86' lang='lat' dir='ltr'><strong>Puteola-</strong></span> 
     </span>
    </p>

    <p class='ocr_par' dir='ltr' id='par_1_11' title="bbox 249 3818 1225 3918">
     <span class='ocr_line' id='line_1_29' title="bbox 249 3818 1225 3918; baseline -0.001 -24"><span class='ocrx_word' id='word_1_179' title='bbox 249 3844 374 3908; x_wconf 84' lang='lat' dir='ltr'><strong>notum</strong></span> <span class='ocrx_word' id='word_1_180' title='bbox 397 3818 602 3917; x_wconf 77' lang='lat' dir='ltr'><strong>legationes,</strong></span> <span class='ocrx_word' id='word_1_181' title='bbox 627 3843 712 3915; x_wconf 86' lang='lat' dir='ltr'><strong>quas</strong></span> <span class='ocrx_word' id='word_1_182' title='bbox 740 3818 888 3908; x_wconf 80' lang='lat' dir='ltr'><strong>diversas</strong></span> <span class='ocrx_word' id='word_1_183' title='bbox 919 3822 1005 3894; x_wconf 94' lang='lat' dir='ltr'><strong>ordo</strong></span> <span class='ocrx_word' id='word_1_184' title='bbox 1039 3820 1225 3918; x_wconf 82' lang='lat' dir='ltr'><strong>plebesque</strong></span> 
     </span>
    </p>
   </div>
   <div class='ocr_carea' id='block_1_8' title="bbox 0 0 1568 4864">
    <p class='ocr_par' dir='ltr' id='par_1_12' title="bbox 0 0 1568 4864">
     <span class='ocr_line' id='line_1_30' title="bbox 0 0 1568 4864; baseline 0 1"><span class='ocrx_word' id='word_1_185' title='bbox 0 0 1568 4864; x_wconf 95' lang='lat' dir='ltr'><strong> </strong></span> 
     </span>
    </p>
   </div>
  </div>
 </body>
</html>
