<?xml version="1.0" encoding="UTF-8"?>
<!DOCTYPE html PUBLIC "-//W3C//DTD XHTML 1.0 Transitional//EN"
    "http://www.w3.org/TR/xhtml1/DTD/xhtml1-transitional.dtd">
<html xmlns="http://www.w3.org/1999/xhtml" xml:lang="en" lang="en">
 <head>
  <title>
</title>
<meta http-equiv="Content-Type" content="text/html;charset=utf-8" />
  <meta name='ocr-system' content='tesseract 3.04.00' />
  <meta name='ocr-capabilities' content='ocr_page ocr_carea ocr_par ocr_line ocrx_word'/>
</head>
<body>
  <div class='ocr_page' id='page_1' title='image "./ccorneliitaciti03freigoog_0287.png"; bbox 0 0 3006 4866; ppageno 0'>
   <div class='ocr_carea' id='block_1_1' title="bbox 326 349 1228 432">
    <p class='ocr_par' dir='ltr' id='par_1_1' title="bbox 326 349 1228 432">
     <span class='ocr_line' id='line_1_1' title="bbox 326 349 1228 432; baseline -0.01 1"><span class='ocrx_word' id='word_1_1' title='bbox 326 357 400 432; x_wconf 83' lang='lat'>286</span> <span class='ocrx_word' id='word_1_2' title='bbox 510 355 552 429; x_wconf 89' lang='lat' dir='ltr'>C.</span> <span class='ocrx_word' id='word_1_3' title='bbox 587 353 866 428; x_wconf 73' lang='lat' dir='ltr'>Consistit</span> <span class='ocrx_word' id='word_1_4' title='bbox 903 349 1112 426; x_wconf 70' lang='lat' dir='ltr'>TActst</span> <span class='ocrx_word' id='word_1_5' title='bbox 1165 407 1169 414; x_wconf 75' lang='lat'><em>.</em></span> <span class='ocrx_word' id='word_1_6' title='bbox 1223 373 1228 392; x_wconf 43' lang='grc' dir='ltr'>ι</span> 
     </span>
    </p>
   </div>
   <div class='ocr_carea' id='block_1_2' title="bbox 228 523 1313 2704">
    <p class='ocr_par' dir='ltr' id='par_1_2' title="bbox 228 523 1313 2559">
     <span class='ocr_line' id='line_1_2' title="bbox 325 523 1313 626; baseline -0.001 -23"><span class='ocrx_word' id='word_1_7' title='bbox 325 527 550 604; x_wconf 84' lang='lat' dir='ltr'>consultatio:</span> <span class='ocrx_word' id='word_1_8' title='bbox 593 531 641 602; x_wconf 92' lang='lat' dir='ltr'>fin</span> <span class='ocrx_word' id='word_1_9' title='bbox 675 529 887 626; x_wconf 84' lang='lat' dir='ltr'>permissum,</span> <span class='ocrx_word' id='word_1_10' title='bbox 921 526 1153 624; x_wconf 85' lang='lat' dir='ltr'>auspiciorum</span> <span class='ocrx_word' id='word_1_11' title='bbox 1171 523 1313 602; x_wconf 67' lang='lat' dir='ltr'>‘adhuc</span> 
     </span>
     <span class='ocr_line' id='line_1_3' title="bbox 322 647 1304 748; baseline -0.001 -26"><span class='ocrx_word' id='word_1_12' title='bbox 322 651 408 722; x_wconf 83' lang='lat' dir='ltr'>fides</span> <span class='ocrx_word' id='word_1_13' title='bbox 425 650 584 748; x_wconf 84' lang='lat' dir='ltr'><strong>exigitur.</strong></span> <span class='ocrx_word' id='word_1_14' title='bbox 636 653 683 723; x_wconf 90' lang='lat' dir='ltr'>Et</span> <span class='ocrx_word' id='word_1_15' title='bbox 701 649 788 727; x_wconf 90' lang='lat' dir='ltr'>illud</span> <span class='ocrx_word' id='word_1_16' title='bbox 805 649 947 748; x_wconf 90' lang='lat' dir='ltr'>quidem</span> <span class='ocrx_word' id='word_1_17' title='bbox 965 648 1070 720; x_wconf 90' lang='lat' dir='ltr'>etiam</span> <span class='ocrx_word' id='word_1_18' title='bbox 1087 647 1146 720; x_wconf 86' lang='lat' dir='ltr'>hic</span> <span class='ocrx_word' id='word_1_19' title='bbox 1158 668 1304 738; x_wconf 89' lang='lat' dir='ltr'>notum,</span> 
     </span>
     <span class='ocr_line' id='line_1_4' title="bbox 322 769 1304 869; baseline 0.001 -27"><span class='ocrx_word' id='word_1_20' title='bbox 322 769 439 843; x_wconf 85' lang='lat' dir='ltr'>avium</span> <span class='ocrx_word' id='word_1_21' title='bbox 461 797 579 862; x_wconf 88' lang='lat' dir='ltr'>voces,</span> <span class='ocrx_word' id='word_1_22' title='bbox 617 769 819 869; x_wconf 78' lang='lat' dir='ltr'>volatusque</span> <span class='ocrx_word' id='word_1_23' title='bbox 843 771 1065 868; x_wconf 81' lang='lat' dir='ltr'>interrogare.</span> <span class='ocrx_word' id='word_1_24' title='bbox 1114 769 1304 866; x_wconf 74' lang='lat' dir='ltr'>Proprium</span> 
     </span>
     <span class='ocr_line' id='line_1_5' title="bbox 322 886 1302 990; baseline -0.002 -26"><span class='ocrx_word' id='word_1_25' title='bbox 322 891 448 989; x_wconf 85' lang='lat' dir='ltr'>gentis,</span> <span class='ocrx_word' id='word_1_26' title='bbox 471 917 642 990; x_wconf 87' lang='lat' dir='ltr'>equorum</span> <span class='ocrx_word' id='word_1_27' title='bbox 664 886 806 990; x_wconf 84' lang='lat' dir='ltr'>quoque</span> <span class='ocrx_word' id='word_1_28' title='bbox 824 889 985 989; x_wconf 84' lang='lat' dir='ltr'>praesagia</span> <span class='ocrx_word' id='word_1_29' title='bbox 1001 916 1041 968; x_wconf 84' lang='lat' dir='ltr'>ac</span> <span class='ocrx_word' id='word_1_30' title='bbox 1059 888 1209 984; x_wconf 87' lang='lat' dir='ltr'>monitus</span> <span class='ocrx_word' id='word_1_31' title='bbox 1237 915 1302 962; x_wconf 83' lang='lat' dir='ltr'>ex·</span> 
     </span>
     <span class='ocr_line' id='line_1_6' title="bbox 269 1009 1300 1111; baseline 0.002 -28"><span class='ocrx_word' id='word_1_32' title='bbox 269 1063 271 1070; x_wconf 50' lang='lat'>&gt;</span> <span class='ocrx_word' id='word_1_33' title='bbox 322 1011 449 1109; x_wconf 90' lang='lat' dir='ltr'>periri:</span> <span class='ocrx_word' id='word_1_34' title='bbox 474 1011 615 1111; x_wconf 69' lang='lat' dir='ltr'>publice</span> <span class='ocrx_word' id='word_1_35' title='bbox 631 1009 771 1086; x_wconf 84' lang='lat' dir='ltr'>alunt&#39;ur</span> <span class='ocrx_word' id='word_1_36' title='bbox 785 1011 905 1088; x_wconf 88' lang='lat' dir='ltr'>iisdem</span> <span class='ocrx_word' id='word_1_37' title='bbox 922 1011 1121 1086; x_wconf 87' lang='lat' dir='ltr'>nemoribus</span> <span class='ocrx_word' id='word_1_38' title='bbox 1144 1035 1184 1082; x_wconf 86' lang='lat' dir='ltr'>ac</span> <span class='ocrx_word' id='word_1_39' title='bbox 1198 1011 1300 1102; x_wconf 89' lang='lat' dir='ltr'>lucis,</span> 
     </span>
     <span class='ocr_line' id='line_1_7' title="bbox 322 1131 1303 1232; baseline -0.001 -26"><span class='ocrx_word' id='word_1_40' title='bbox 322 1133 476 1224; x_wconf 72' lang='lat' dir='ltr'>condidi,</span> <span class='ocrx_word' id='word_1_41' title='bbox 496 1137 529 1208; x_wconf 87' lang='lat'>&amp;</span> <span class='ocrx_word' id='word_1_42' title='bbox 548 1136 646 1208; x_wconf 92' lang='lat' dir='ltr'>nullo</span> <span class='ocrx_word' id='word_1_43' title='bbox 662 1134 797 1207; x_wconf 79' lang='lat' dir='ltr'>mortali</span> <span class='ocrx_word' id='word_1_44' title='bbox 809 1159 912 1232; x_wconf 90' lang='lat' dir='ltr'>opere</span> <span class='ocrx_word' id='word_1_45' title='bbox 924 1131 1087 1222; x_wconf 64' lang='lat' dir='ltr'>contacti,</span> <span class='ocrx_word' id='word_1_46' title='bbox 1107 1157 1191 1230; x_wconf 88' lang='lat' dir='ltr'>quos</span> <span class='ocrx_word' id='word_1_47' title='bbox 1207 1133 1303 1229; x_wconf 88' lang='lat' dir='ltr'>pres-</span> 
     </span>
     <span class='ocr_line' id='line_1_8' title="bbox 321 1237 1304 1352; baseline -0.001 -24"><span class='ocrx_word' id='word_1_48' title='bbox 321 1253 375 1328; x_wconf 86' lang='lat' dir='ltr'>sos</span> <span class='ocrx_word' id='word_1_49' title='bbox 403 1253 497 1330; x_wconf 84' lang='lat' dir='ltr'>sacro</span> <span class='ocrx_word' id='word_1_50' title='bbox 530 1237 634 1329; x_wconf 85' lang='lat' dir='ltr'>curru</span> <span class='ocrx_word' id='word_1_51' title='bbox 662 1245 830 1345; x_wconf 84' lang='lat' dir='ltr'>sacerdos,</span> <span class='ocrx_word' id='word_1_52' title='bbox 869 1279 909 1328; x_wconf 85' lang='lat' dir='ltr'>ac</span> <span class='ocrx_word' id='word_1_53' title='bbox 941 1279 1016 1345; x_wconf 84' lang='lat' dir='ltr'>tex,</span> <span class='ocrx_word' id='word_1_54' title='bbox 1054 1254 1111 1326; x_wconf 90' lang='lat' dir='ltr'>vel</span> <span class='ocrx_word' id='word_1_55' title='bbox 1140 1252 1304 1352; x_wconf 81' lang='lat' dir='ltr'>princeps</span> 
     </span>
     <span class='ocr_line' id='line_1_9' title="bbox 323 1371 1302 1472; baseline -0.002 -22"><span class='ocrx_word' id='word_1_56' title='bbox 323 1375 487 1468; x_wconf 88' lang='lat' dir='ltr'>civitatis,</span> <span class='ocrx_word' id='word_1_57' title='bbox 509 1377 730 1466; x_wconf 85' lang='lat' dir='ltr'>comitantur,</span> <span class='ocrx_word' id='word_1_58' title='bbox 750 1374 972 1472; x_wconf 86' lang='lat' dir='ltr'>hinnitusque</span> <span class='ocrx_word' id='word_1_59' title='bbox 998 1400 1037 1448; x_wconf 79' lang='lat' dir='ltr'>ac</span> <span class='ocrx_word' id='word_1_60' title='bbox 1059 1371 1211 1447; x_wconf 86' lang='lat' dir='ltr'>fremitus</span> <span class='ocrx_word' id='word_1_61' title='bbox 1234 1377 1302 1448; x_wconf 89' lang='lat' dir='ltr'>ob·</span> 
     </span>
     <span class='ocr_line' id='line_1_10' title="bbox 324 1475 1302 1594; baseline -0.002 -23"><span class='ocrx_word' id='word_1_62' title='bbox 324 1495 468 1571; x_wconf 86' lang='lat' dir='ltr'>servant.</span> <span class='ocrx_word' id='word_1_63' title='bbox 506 1500 584 1571; x_wconf 90' lang='lat' dir='ltr'>Nec</span> <span class='ocrx_word' id='word_1_64' title='bbox 600 1497 661 1570; x_wconf 92' lang='lat' dir='ltr'>ulli</span> <span class='ocrx_word' id='word_1_65' title='bbox 678 1495 827 1594; x_wconf 87' lang='lat' dir='ltr'>auspicio</span> <span class='ocrx_word' id='word_1_66' title='bbox 845 1475 956 1593; x_wconf 81' lang='lat' dir='ltr'>major</span> <span class='ocrx_word' id='word_1_67' title='bbox 972 1497 1072 1586; x_wconf 85' lang='lat' dir='ltr'>sides,</span> <span class='ocrx_word' id='word_1_68' title='bbox 1099 1521 1171 1569; x_wconf 93' lang='lat' dir='ltr'>non</span> <span class='ocrx_word' id='word_1_69' title='bbox 1187 1495 1302 1570; x_wconf 79' lang='lat' dir='ltr'>soliim</span> 
     </span>
     <span class='ocr_line' id='line_1_11' title="bbox 322 1615 1302 1713; baseline -0.001 -24"><span class='ocrx_word' id='word_1_70' title='bbox 322 1618 417 1712; x_wconf 82' lang='lat' dir='ltr'>apud</span> <span class='ocrx_word' id='word_1_71' title='bbox 436 1619 589 1711; x_wconf 86' lang='lat' dir='ltr'>plebem,</span> <span class='ocrx_word' id='word_1_72' title='bbox 614 1617 671 1689; x_wconf 90' lang='lat' dir='ltr'>sed</span> <span class='ocrx_word' id='word_1_73' title='bbox 687 1617 781 1712; x_wconf 86' lang='lat' dir='ltr'>apud</span> <span class='ocrx_word' id='word_1_74' title='bbox 799 1639 976 1712; x_wconf 84' lang='lat' dir='ltr'>proceres,</span> <span class='ocrx_word' id='word_1_75' title='bbox 991 1618 1085 1713; x_wconf 85' lang='lat' dir='ltr'>apud</span> <span class='ocrx_word' id='word_1_76' title='bbox 1102 1615 1302 1690; x_wconf 84' lang='lat' dir='ltr'>sacerdotes.</span> 
     </span>
     <span class='ocr_line' id='line_1_12' title="bbox 279 1731 1300 1836; baseline 0.004 -30"><span class='ocrx_word' id='word_1_77' title='bbox 279 1731 287 1747; x_wconf 87' lang='lat'><em>&#39;</em></span> <span class='ocrx_word' id='word_1_78' title='bbox 320 1739 366 1806; x_wconf 88' lang='lat' dir='ltr'>Se</span> <span class='ocrx_word' id='word_1_79' title='bbox 383 1735 673 1808; x_wconf 80' lang='lat' dir='ltr'>enim&#39;ministros</span> <span class='ocrx_word' id='word_1_80' title='bbox 698 1738 860 1826; x_wconf 76' lang='lat' dir='ltr'>deorum,</span> <span class='ocrx_word' id='word_1_81' title='bbox 889 1737 965 1809; x_wconf 94' lang='lat' dir='ltr'>illos</span> <span class='ocrx_word' id='word_1_82' title='bbox 987 1736 1143 1810; x_wconf 89' lang='lat' dir='ltr'>conscios</span> <span class='ocrx_word' id='word_1_83' title='bbox 1168 1759 1300 1836; x_wconf 85' lang='lat' dir='ltr'>putant.</span> 
     </span>
     <span class='ocr_line' id='line_1_13' title="bbox 324 1849 1302 1957; baseline 0.006 -31"><span class='ocrx_word' id='word_1_84' title='bbox 324 1853 387 1926; x_wconf 89' lang='lat' dir='ltr'>Est</span> <span class='ocrx_word' id='word_1_85' title='bbox 415 1859 447 1926; x_wconf 88' lang='lat'>&amp;</span> <span class='ocrx_word' id='word_1_86' title='bbox 477 1854 543 1928; x_wconf 82' lang='lat' dir='ltr'>alia</span> <span class='ocrx_word' id='word_1_87' title='bbox 559 1849 1115 1955; x_wconf 63' lang='lat' dir='ltr'>observatio.fou&#39;spiciorunr,squb</span> <span class='ocrx_word' id='word_1_88' title='bbox 1142 1859 1302 1957; x_wconf 81' lang='lat' dir='ltr'>gravium</span> 
     </span>
     <span class='ocr_line' id='line_1_14' title="bbox 322 1959 1303 2076; baseline 0.006 -29"><span class='ocrx_word' id='word_1_89' title='bbox 322 1977 495 2049; x_wconf 88' lang='lat' dir='ltr'>bellorum</span> <span class='ocrx_word' id='word_1_90' title='bbox 524 1959 667 2051; x_wconf 75' lang='lat' dir='ltr'>euentus</span> <span class='ocrx_word' id='word_1_91' title='bbox 695 1975 889 2076; x_wconf 76' lang='lat' dir='ltr'>explorant.</span> <span class='ocrx_word' id='word_1_92' title='bbox 941 1975 1025 2076; x_wconf 82' lang='lat' dir='ltr'>Ejus</span> <span class='ocrx_word' id='word_1_93' title='bbox 1050 1979 1184 2076; x_wconf 82' lang='lat' dir='ltr'>-gentis,</span> <span class='ocrx_word' id='word_1_94' title='bbox 1219 2005 1303 2054; x_wconf 88' lang='lat' dir='ltr'>cum</span> 
     </span>
     <span class='ocr_line' id='line_1_15' title="bbox 320 2078 1300 2198; baseline 0.002 -28"><span class='ocrx_word' id='word_1_95' title='bbox 320 2098 393 2194; x_wconf 74' lang='lat' dir='ltr'>qul</span> <span class='ocrx_word' id='word_1_96' title='bbox 425 2098 558 2171; x_wconf 92' lang='lat' dir='ltr'>bellum</span> <span class='ocrx_word' id='word_1_97' title='bbox 586 2098 635 2171; x_wconf 90' lang='lat' dir='ltr'>est</span> <span class='ocrx_word' id='word_1_98' title='bbox 638 2078 858 2196; x_wconf 80' lang='lat' dir='ltr'>,captivum</span> <span class='ocrx_word' id='word_1_99' title='bbox 887 2115 1031 2198; x_wconf 82' lang='lat' dir='ltr'>quoquo</span> <span class='ocrx_word' id='word_1_100' title='bbox 1050 2093 1204 2172; x_wconf 84' lang='lat' dir='ltr'>-rnodo</span> <span class='ocrx_word' id='word_1_101' title='bbox 1195 2121 1300 2173; x_wconf 87' lang='lat' dir='ltr'>mter·</span> 
     </span>
     <span class='ocr_line' id='line_1_16' title="bbox 317 2211 1301 2334; baseline 0.003 -43.006"><span class='ocrx_word' id='word_1_102' title='bbox 317 2238 499 2326; x_wconf 82' lang='lat' dir='ltr'>¹ceptum,</span> <span class='ocrx_word' id='word_1_103' title='bbox 510 2245 591 2294; x_wconf 88' lang='lat' dir='ltr'>cum</span> <span class='ocrx_word' id='word_1_104' title='bbox 617 2220 727 2296; x_wconf 71' lang='lat' dir='ltr'>elesto</span> <span class='ocrx_word' id='word_1_105' title='bbox 744 2211 976 2317; x_wconf 67' lang='lat' dir='ltr'>populations</span> <span class='ocrx_word' id='word_1_106' title='bbox 1004 2211 1156 2334; x_wconf 80' lang='lat' dir='ltr'>suorum,</span> <span class='ocrx_word' id='word_1_107' title='bbox 1184 2220 1301 2318; x_wconf 87' lang='lat' dir='ltr'>patriis</span> 
     </span>
     <span class='ocr_line' id='line_1_17' title="bbox 228 2337 1298 2460; baseline -0.002 -45"><span class='ocrx_word' id='word_1_108' title='bbox 228 2379 231 2386; x_wconf 91' lang='lat'>·</span> <span class='ocrx_word' id='word_1_109' title='bbox 299 2359 498 2439; x_wconf 59' lang='lat' dir='ltr'>*quemque</span> <span class='ocrx_word' id='word_1_110' title='bbox 527 2341 643 2414; x_wconf 86' lang='lat' dir='ltr'>armis</span> <span class='ocrx_word' id='word_1_111' title='bbox 640 2337 903 2414; x_wconf 84' lang='lat' dir='ltr'>committunt.</span> <span class='ocrx_word' id='word_1_112' title='bbox 922 2341 1095 2440; x_wconf 63' lang='lat' dir='ltr'>vislerio</span> <span class='ocrx_word' id='word_1_113' title='bbox 1092 2338 1215 2460; x_wconf 77' lang='lat' dir='ltr'>hujus,</span> <span class='ocrx_word' id='word_1_114' title='bbox 1242 2343 1298 2415; x_wconf 90' lang='lat' dir='ltr'>vel</span> 
     </span>
     <span class='ocr_line' id='line_1_18' title="bbox 246 2439 1255 2582; baseline 0.001 -48"><span class='ocrx_word' id='word_1_115' title='bbox 246 2491 247 2495; x_wconf 42' lang='lat'>¹</span> <span class='ocrx_word' id='word_1_116' title='bbox 319 2462 429 2550; x_wconf 79' lang='lat' dir='ltr'>illius,</span> <span class='ocrx_word' id='word_1_117' title='bbox 457 2487 521 2558; x_wconf 88' lang='lat' dir='ltr'>pro</span> <span class='ocrx_word' id='word_1_118' title='bbox 529 2459 740 2559; x_wconf 55' lang='lat' dir='ltr'>prejudicio</span> <span class='ocrx_word' id='word_1_119' title='bbox 756 2457 1011 2582; x_wconf 35' lang='lat' dir='ltr'>accipitur&amp;</span> <span class='ocrx_word' id='word_1_120' title='bbox 1123 2439 1255 2524; x_wconf 48' lang='lat' dir='ltr'>”Q</span> 
     </span>
    </p>

    <p class='ocr_par' dir='ltr' id='par_1_3' title="bbox 305 2507 1296 2704">
     <span class='ocr_line' id='line_1_19' title="bbox 305 2507 1296 2704; baseline -0.002 -48"><span class='ocrx_word' id='word_1_121' title='bbox 305 2625 310 2636; x_wconf 89' lang='lat'><strong>·</strong></span> <span class='ocrx_word' id='word_1_122' title='bbox 371 2585 436 2656; x_wconf 93' lang='lat' dir='ltr'>Xl.</span> <span class='ocrx_word' id='word_1_123' title='bbox 461 2584 521 2654; x_wconf 78' lang='lat' dir='ltr'>Du</span> <span class='ocrx_word' id='word_1_124' title='bbox 546 2582 735 2656; x_wconf 81' lang='lat' dir='ltr'>minoribus</span> <span class='ocrx_word' id='word_1_125' title='bbox 752 2579 879 2656; x_wconf 79' lang='lat' dir='ltr'>rebus</span> <span class='ocrx_word' id='word_1_126' title='bbox 892 2507 1067 2704; x_wconf 70' lang='lat' dir='ltr'>principles</span> <span class='ocrx_word' id='word_1_127' title='bbox 1090 2550 1296 2674; x_wconf 58' lang='lat' dir='ltr'>cousulant</span> 
     </span>
    </p>
   </div>
   <div class='ocr_carea' id='block_1_3' title="bbox 181 2691 1485 3044">
    <p class='ocr_par' dir='ltr' id='par_1_4' title="bbox 181 2691 1485 3044">
     <span class='ocr_line' id='line_1_20' title="bbox 202 2691 1295 2808; baseline -0.002 -32"><span class='ocrx_word' id='word_1_128' title='bbox 202 2794 205 2800; x_wconf 18' lang='grc' dir='ltr'>Ι</span> <span class='ocrx_word' id='word_1_129' title='bbox 317 2703 378 2776; x_wconf 65' lang='lat' dir='ltr'>du</span> <span class='ocrx_word' id='word_1_130' title='bbox 397 2699 606 2808; x_wconf 67' lang='lat' dir='ltr'>majoribus</span> <span class='ocrx_word' id='word_1_131' title='bbox 600 2721 759 2776; x_wconf 76' lang='lat' dir='ltr'>omness·</span> <span class='ocrx_word' id='word_1_132' title='bbox 775 2699 823 2776; x_wconf 68' lang='lat' dir='ltr'>ita&#39;</span> <span class='ocrx_word' id='word_1_133' title='bbox 846 2705 987 2792; x_wconf 70' lang='lat' dir='ltr'>sanun,</span> <span class='ocrx_word' id='word_1_134' title='bbox 1001 2721 1044 2776; x_wconf 77' lang='lat' dir='ltr'>ut</span> <span class='ocrx_word' id='word_1_135' title='bbox 1073 2719 1138 2778; x_wconf 75' lang='lat' dir='ltr'>en</span> <span class='ocrx_word' id='word_1_136' title='bbox 1135 2691 1295 2802; x_wconf 88' lang='lat' dir='ltr'>quoque,</span> 
     </span>
     <span class='ocr_line' id='line_1_21' title="bbox 181 2811 1485 2924; baseline 0 -27"><span class='ocrx_word' id='word_1_137' title='bbox 181 2825 187 2834; x_wconf 83' lang='lat'><em>&#39;</em></span> <span class='ocrx_word' id='word_1_138' title='bbox 285 2845 472 2924; x_wconf 65' lang='grc' dir='ltr'>-ἰιιιοιιιιιι</span> <span class='ocrx_word' id='word_1_139' title='bbox 501 2825 608 2920; x_wconf 72' lang='lat' dir='ltr'>penes</span> <span class='ocrx_word' id='word_1_140' title='bbox 629 2825 774 2920; x_wconf 83' lang='lat' dir='ltr'>plebem</span> <span class='ocrx_word' id='word_1_141' title='bbox 800 2811 994 2898; x_wconf 77' lang='lat' dir='ltr'>arbitrium</span> <span class='ocrx_word' id='word_1_142' title='bbox 1002 2816 1067 2915; x_wconf 76' lang='lat' dir='ltr'>est,</span> <span class='ocrx_word' id='word_1_143' title='bbox 1079 2818 1191 2922; x_wconf 67' lang='lat' dir='ltr'>lpus</span> <span class='ocrx_word' id='word_1_144' title='bbox 1203 2824 1295 2922; x_wconf 85' lang='lat' dir='ltr'>prin</span> <span class='ocrx_word' id='word_1_145' title='bbox 1364 2814 1393 2910; x_wconf 55' lang='lat'>„⁵</span> <span class='ocrx_word' id='word_1_146' title='bbox 1455 2829 1485 2886; x_wconf 72' lang='grc' dir='ltr'>’ἵ</span> 
     </span>
     <span class='ocr_line' id='line_1_22' title="bbox 317 2929 1426 3044; baseline 0.003 -25"><span class='ocrx_word' id='word_1_147' title='bbox 317 2947 416 3043; x_wconf 76' lang='lat' dir='ltr'>uipes</span> <span class='ocrx_word' id='word_1_148' title='bbox 444 2939 724 3042; x_wconf 64' lang='lat' dir='ltr'>pertrabuntur.</span> <span class='ocrx_word' id='word_1_149' title='bbox 764 2939 946 3036; x_wconf 83' lang='lat' dir='ltr'>Co&#39;e&#39;un&#39;t,</span> <span class='ocrx_word' id='word_1_150' title='bbox 953 2937 1022 3020; x_wconf 86' lang='lat' dir='ltr'>ri-ifi</span> <span class='ocrx_word' id='word_1_151' title='bbox 1058 2945 1162 3044; x_wconf 74' lang='lat' dir='ltr'>quid</span> <span class='ocrx_word' id='word_1_152' title='bbox 1169 2929 1297 3019; x_wconf 69' lang='lat' dir='ltr'>sertui</span> <span class='ocrx_word' id='word_1_153' title='bbox 1395 2975 1426 3040; x_wconf 58' lang='grc' dir='ltr'>,ς</span> 
     </span>
    </p>
   </div>
   <div class='ocr_carea' id='block_1_4' title="bbox 246 3060 1312 3894">
    <p class='ocr_par' dir='ltr' id='par_1_5' title="bbox 246 3059 1361 3894">
     <span class='ocr_line' id='line_1_23' title="bbox 320 3060 1299 3176; baseline 0 -36"><span class='ocrx_word' id='word_1_154' title='bbox 320 3088 396 3141; x_wconf 87' lang='lat' dir='ltr'>turn</span> <span class='ocrx_word' id='word_1_155' title='bbox 415 3071 447 3139; x_wconf 69' lang='grc' dir='ltr'>ἃ</span> <span class='ocrx_word' id='word_1_156' title='bbox 465 3065 621 3150; x_wconf 85' lang='lat' dir='ltr'>subitum</span> <span class='ocrx_word' id='word_1_157' title='bbox 634 3064 816 3154; x_wconf 87' lang='lat' dir='ltr'>inciderit,</span> <span class='ocrx_word' id='word_1_158' title='bbox 836 3060 935 3138; x_wconf 78' lang='lat' dir='ltr'>certis</span> <span class='ocrx_word' id='word_1_159' title='bbox 961 3066 1166 3176; x_wconf 78' lang='lat' dir='ltr'>diebus,¹</span> <span class='ocrx_word' id='word_1_160' title='bbox 1128 3093 1210 3154; x_wconf 86' lang='lat' dir='ltr'>curn</span> <span class='ocrx_word' id='word_1_161' title='bbox 1239 3088 1299 3140; x_wconf 86' lang='lat' dir='ltr'>aut</span> 
     </span>
     <span class='ocr_line' id='line_1_24' title="bbox 316 3186 1298 3292; baseline 0.002 -34"><span class='ocrx_word' id='word_1_162' title='bbox 316 3188 501 3292; x_wconf 84' lang='lat' dir='ltr'>inchoatur</span> <span class='ocrx_word' id='word_1_163' title='bbox 518 3189 613 3275; x_wconf 81' lang='lat' dir='ltr'>luna,</span> <span class='ocrx_word' id='word_1_164' title='bbox 644 3209 703 3258; x_wconf 85' lang='lat' dir='ltr'>aut</span> <span class='ocrx_word' id='word_1_165' title='bbox 721 3186 888 3281; x_wconf 82' lang='lat' dir='ltr'>impletur</span> <span class='ocrx_word' id='word_1_166' title='bbox 899 3211 921 3258; x_wconf 77' lang='grc' dir='ltr'>ι·</span> <span class='ocrx_word' id='word_1_167' title='bbox 939 3213 1020 3260; x_wconf 83' lang='lat' dir='ltr'>narn</span> <span class='ocrx_word' id='word_1_168' title='bbox 1036 3188 1179 3284; x_wconf 74' lang='lat' dir='ltr'>agendis</span> <span class='ocrx_word' id='word_1_169' title='bbox 1198 3191 1298 3260; x_wconf 84' lang='lat' dir='ltr'>rebus</span> 
     </span>
     <span class='ocr_line' id='line_1_25' title="bbox 246 3305 1297 3400; baseline 0.002 -22"><span class='ocrx_word' id='word_1_170' title='bbox 246 3385 248 3392; x_wconf 57' lang='grc'><strong>,</strong></span> <span class='ocrx_word' id='word_1_171' title='bbox 321 3308 389 3378; x_wconf 86' lang='lat' dir='ltr'>hoe</span> <span class='ocrx_word' id='word_1_172' title='bbox 418 3305 718 3400; x_wconf 82' lang='lat' dir='ltr'>auspicatissimum</span> <span class='ocrx_word' id='word_1_173' title='bbox 747 3306 885 3379; x_wconf 90' lang='lat' dir='ltr'>initium</span> <span class='ocrx_word' id='word_1_174' title='bbox 914 3309 1070 3382; x_wconf 88' lang='lat' dir='ltr'>credunt.</span> <span class='ocrx_word' id='word_1_175' title='bbox 1121 3309 1199 3381; x_wconf 91' lang='lat' dir='ltr'>Nec</span> <span class='ocrx_word' id='word_1_176' title='bbox 1224 3308 1297 3391; x_wconf 84' lang='lat' dir='ltr'>die-</span> 
     </span>
     <span class='ocr_line' id='line_1_26' title="bbox 320 3425 1298 3524; baseline 0 -24"><span class='ocrx_word' id='word_1_177' title='bbox 320 3451 399 3500; x_wconf 88' lang='lat' dir='ltr'>rum</span> <span class='ocrx_word' id='word_1_178' title='bbox 427 3451 625 3517; x_wconf 88' lang='lat' dir='ltr'>numerum,</span> <span class='ocrx_word' id='word_1_179' title='bbox 651 3447 690 3499; x_wconf 91' lang='lat' dir='ltr'>ut</span> <span class='ocrx_word' id='word_1_180' title='bbox 715 3453 792 3516; x_wconf 90' lang='lat' dir='ltr'>nos,</span> <span class='ocrx_word' id='word_1_181' title='bbox 821 3425 878 3500; x_wconf 88' lang='lat' dir='ltr'>sed</span> <span class='ocrx_word' id='word_1_182' title='bbox 903 3428 1057 3500; x_wconf 69' lang='lat' dir='ltr'>noslium</span> <span class='ocrx_word' id='word_1_183' title='bbox 1083 3447 1298 3524; x_wconf 85' lang='lat' dir='ltr'>computant.</span> 
     </span>
     <span class='ocr_line' id='line_1_27' title="bbox 319 3545 1312 3652; baseline 0.003 -35"><span class='ocrx_word' id='word_1_184' title='bbox 319 3546 373 3618; x_wconf 88' lang='lat' dir='ltr'>Sic</span> <span class='ocrx_word' id='word_1_185' title='bbox 392 3545 617 3636; x_wconf 90' lang='lat' dir='ltr'>constituunt,</span> <span class='ocrx_word' id='word_1_186' title='bbox 649 3551 691 3620; x_wconf 88' lang='lat' dir='ltr'>fic</span> <span class='ocrx_word' id='word_1_187' title='bbox 710 3547 923 3620; x_wconf 89' lang='lat' dir='ltr'>condicunt:</span> <span class='ocrx_word' id='word_1_188' title='bbox 951 3565 1027 3652; x_wconf 28' lang='lat' dir='ltr'>&#39;nox</span> <span class='ocrx_word' id='word_1_189' title='bbox 1054 3551 1180 3621; x_wconf 89' lang='lat' dir='ltr'>ducere</span> <span class='ocrx_word' id='word_1_190' title='bbox 1204 3547 1312 3640; x_wconf 86' lang='lat' dir='ltr'>diem</span> 
     </span>
     <span class='ocr_line' id='line_1_28' title="bbox 319 3666 1299 3766; baseline 0.001 -27"><span class='ocrx_word' id='word_1_191' title='bbox 319 3666 469 3739; x_wconf 86' lang='lat' dir='ltr'>videtur.</span> <span class='ocrx_word' id='word_1_192' title='bbox 520 3667 611 3738; x_wconf 91' lang='lat' dir='ltr'>lllud</span> <span class='ocrx_word' id='word_1_193' title='bbox 631 3693 674 3739; x_wconf 89' lang='lat' dir='ltr'>ex</span> <span class='ocrx_word' id='word_1_194' title='bbox 696 3667 850 3740; x_wconf 82' lang='lat' dir='ltr'>libertate</span> <span class='ocrx_word' id='word_1_195' title='bbox 868 3668 1006 3757; x_wconf 89' lang='lat' dir='ltr'>vitium,</span> <span class='ocrx_word' id='word_1_196' title='bbox 1037 3668 1133 3766; x_wconf 77' lang='lat' dir='ltr'>qubd</span> <span class='ocrx_word' id='word_1_197' title='bbox 1158 3695 1230 3740; x_wconf 92' lang='lat' dir='ltr'>non</span> <span class='ocrx_word' id='word_1_198' title='bbox 1257 3672 1299 3753; x_wconf 77' lang='lat' dir='ltr'>si-</span> 
     </span>
     <span class='ocr_line' id='line_1_29' title="bbox 250 3784 1299 3894; baseline -0.001 -32"><span class='ocrx_word' id='word_1_199' title='bbox 250 3843 255 3853; x_wconf 39' lang='grc' dir='ltr'>ι</span> <span class='ocrx_word' id='word_1_200' title='bbox 318 3789 408 3879; x_wconf 88' lang='lat' dir='ltr'>mul,</span> <span class='ocrx_word' id='word_1_201' title='bbox 432 3812 496 3862; x_wconf 90' lang='lat' dir='ltr'>nec</span> <span class='ocrx_word' id='word_1_202' title='bbox 514 3807 552 3859; x_wconf 91' lang='lat' dir='ltr'>ut</span> <span class='ocrx_word' id='word_1_203' title='bbox 568 3784 646 3894; x_wconf 83' lang='lat' dir='ltr'>jussi</span> <span class='ocrx_word' id='word_1_204' title='bbox 667 3788 894 3880; x_wconf 87' lang='lat' dir='ltr'>conveniunt,</span> <span class='ocrx_word' id='word_1_205' title='bbox 926 3789 1034 3862; x_wconf 86' lang='lat' dir='ltr'>sed&amp;</span> <span class='ocrx_word' id='word_1_206' title='bbox 1059 3791 1156 3880; x_wconf 79' lang='lat' dir='ltr'>alter,</span> <span class='ocrx_word' id='word_1_207' title='bbox 1177 3792 1210 3862; x_wconf 78' lang='grc' dir='ltr'>δι</span> <span class='ocrx_word' id='word_1_208' title='bbox 1228 3809 1299 3862; x_wconf 88' lang='lat' dir='ltr'>ter·</span> 
     </span>
    </p>
   </div>
   <div class='ocr_carea' id='block_1_5' title="bbox 0 0 1508 4866">
    <p class='ocr_par' dir='ltr' id='par_1_6' title="bbox 0 0 1508 4866">
     <span class='ocr_line' id='line_1_30' title="bbox 0 0 1508 4866; baseline 0 4"><span class='ocrx_word' id='word_1_209' title='bbox 0 0 1508 4866; x_wconf 95' lang='lat' dir='ltr'> </span> 
     </span>
    </p>
   </div>
  </div>
 </body>
</html>
