3126 4864
338 345 383 442 98
556 291 1131 429 C.Coaittn11Tncrrr

338 509 468 584 nedum
484 512 708 602 temulentos,
725 511 939 610 ignorantis3
963 509 1021 584 ille
1038 508 1232 584 constanter
1253 532 1317 580 ex-

338 626 432 702 orsus
445 628 493 704 est
506 656 662 722 carmen,
677 659 749 730 quo
777 633 997 708 “evolutum
1015 658 1097 706 curn
1113 629 1191 704 sede
1209 627 1319 726 patria

342 749 556 849 “rebusque
582 751 763 843 summis,’¹
791 752 1055 852 significabatur.
1105 752 1215 824 Unde
1244 769 1319 822 orta

340 866 507 944 miseratio
523 872 748 963 manifestior,
773 873 855 972 quia
871 873 1177 948 diffinrulationem
1194 895 1266 944 nox
1283 872 1317 942 δι

339 987 477 1066 lascivia
500 1015 686 1070 exemerat.
712 997 823 1084 Nero,
845 995 1017 1069 intellecta
1034 993 1179 1080 invidia,
1197 989 1319 1066 odium

320 1108 499 1185 tintendit.
549 1115 837 1214 Urgentibusque
855 1115 1063 1215 Agrippina
1088 1113 1207 1202 minis,
1235 1107 1319 1208 quia

342 1232 479 1306 nullum
507 1233 656 1327 crimen,
680 1262 796 1335 neque
813 1235 937 1338 jubere
960 1237 1092 1310 caedem
1117 1231 1229 1308 fratris
1258 1253 1319 1326 pa·

340 1351 411 1458 lant
431 1355 598 1446 audebat,
624 1361 760 1434 occulta
789 1358 953 1452 molitum
982 1365 1009 1400 “
1021 1356 1200 1454 pararique
1216 1373 1317 1426 vene-

341 1477 370 1514 “
387 1478 498 1546 num”
512 1473 627 1572 jubet,
653 1477 816 1576 ministro
828 1475 987 1548 Pollione
1011 1474 1121 1570 Juli0,
1148 1471 1319 1570 praetoriae

340 1593 489 1666 cohortis
514 1593 669 1683 tribuno,
694 1593 791 1692 cujus
819 1598 900 1671 cura
925 1595 1136 1668 attinebatur
1156 1595 1324 1668 damnata

340 1711 513 1804 veneficii,
539 1713 682 1787 nomine
710 1714 850 1808 Locusta,
878 1717 989 1788 multa
1018 1713 1185 1788 scelerum
1213 1711 1319 1788 fama.

340 1831 438 1904 Natn
454 1851 492 1904 ut
510 1832 691 1928 proximus
720 1834 864 1933 quisque
888 1834 1083 1908 Britannico
1105 1860 1231 1931 neque·
1253 1831 1320 1923 fas,

340 1974 455 2048 neque
488 1954 597 2026 fidem
626 1959 719 2053 pensr
747 1958 900 2046 haberet,
924 1955 1010 2029 olim
1033 1955 1213 2053 provisum
1236 1976 1322 2029 erat.

339 2071 500 2152 Primum
526 2103 703 2151 venenum
730 2081 775 2152 ab
801 2078 879 2174 ipsis
902 2076 1146 2151 educatoribus
1170 2076 1320 2174 accepit,

341 2195 609 2296 transmisrtque,
628 2177 785 2272 exsoluta
802 2201 897 2292 alvo,
922 2225 1045 2298 parurn
1057 2198 1229 2288 validum,
1253 2201 1321 2270 five

345 2333 660 2415 temperamentum
689 2319 809 2409 inerat,
843 2345 888 2392 ne
920 2320 1033 2394 statim
1064 2316 1205 2393 saeviret.
1254 2318 1323 2393 Sed

345 2431 458 2526 N'er0,
490 2438 573 2514 lenti
597 2437 727 2514 sceleris
749 2439 945 2534 impatiens,
981 2441 1133 2514 minitari
1166 2423 1320 2529 tribun0,

341 2551 466 2652 jubere
491 2555 742 2654 “supplicium
758 2561 936 2648 veneficae,
955 2557 1065 2656 quod,
1090 2559 1177 2630 dum
1200 2584 1322 2632 mmo·

346 2693 374 2730 “
392 2708 465 2755 rem
493 2677 692 2776 respiciunt,
715 2678 804 2751 dum
833 2696 953 2775 parant
973 2676 1201 2770 defenfiones,
1224 2677 1322 2752 secu·

236 2783 238 2788 Ι
345 2811 372 2846 “
391 2802 526 2875 ritatem
539 2803 788 2878 morarentur.''
803 2798 1088 2874 Promittentibus
1100 2797 1184 2872 dein
1208 2806 1235 2842 “
1249 2820 1322 2874 tarn

345 2933 373 2970 “
392 2922 607 3023 praecipitem
644 2947 781 3011 necem,
807 2921 915 3018 quarn
939 2923 963 2993 fi
990 2916 1081 2992 ferro
1107 2927 1320 3020 urgeretur,’¹

340 3044 543 3118 cubiculum
566 3041 704 3116 Caesaris
728 3041 833 3140 juxta
864 3040 1073 3140 decoquitur
1095 3041 1204 3135 virus,
1234 3069 1317 3142 cog-

343 3164 422 3238 nitis
447 3183 548 3240 antea
570 3163 710 3238 venenis
735 3161 909 3260 rapidum.

389 3285 488 3358 XVI.
514 3288 604 3357 Mos
622 3285 826 3373 habebatur,
849 3281 1053 3382 Principum
1070 3284 1210 3374 liberos,
1236 3310 1319 3362 cum

342 3405 461 3479 ceteris
490 3403 586 3484 idem
619 3404 724 3478 aetatis
758 3403 951 3496 nobilibus,
985 3405 1138 3480 sedentes
1167 3403 1256 3478 vesci
1281 3405 1321 3482 in

344 3525 480 3623 aspedlu
497 3525 791 3624 propinquorum,
811 3526 950 3624 proprii
968 3531 1001 3600 δι
1020 3525 1174 3622 parciore
1187 3526 1320 3599 mensa.

344 3647 420 3722 l-llic
437 3649 599 3745 epulante
616 3645 826 3735 Britannico,
850 3645 932 3744 quia
948 3645 1044 3720 cibos
1061 3643 1233 3746 potusque
1249 3643 1322 3745 ejus

345 3767 498 3847 detectus
514 3793 559 3842 ex
577 3765 735 3842 ministris
753 3767 853 3868 gustu
870 3768 1087 3866 explorabat,
1113 3791 1158 3843 ne
1181 3766 1320 3844 omitte-
