3126 4864
411 405 707 474 Anunnruu
735 391 971 466 L1n.XIlI.
1120 413 1213 492 '127

245 573 400 650 centibus
441 574 572 664 amicis,
613 581 639 620 “
653 599 730 649 non
760 575 981 672 praesentium
1017 571 1219 676 ignarum‚”
1298 643 1300 646 .

244 697 486 795 respondebat,
500 703 541 786 'f‘
557 693 726 794 ejusmodi
755 695 909 770 consulta
939 696 1134 796 corrigere:
1160 699 1220 776 sed

246 826 274 862 “
292 841 428 917 patrum
446 817 568 891 honori
580 819 674 907 dare,
698 839 736 890 ut
751 816 971 891 manifestum
989 819 1100 909 fieret,
1118 845 1219 920 mag-

245 947 273 983 “
291 967 414 1013 narum
444 965 559 1012 rerum
591 965 709 1012 curam
742 964 813 1012 non
842 940 1120 1032 diffimulaturos,
1160 943 1222 1042 qui

247 1063 451 1136 “animum
475 1060 580 1135 etiam
610 1059 784 1133 levissimis
815 1063 1071 1135 adverterent.'’·

294 1187 340 1256 L.
370 1185 517 1255 Eonunt
534 1207 638 1271 annu,
651 1181 777 1254 crebris
795 1183 917 1279 populi
936 1183 1219 1281 flagitationibus,

247 1303 505 1376 immodestiam
532 1301 798 1398 publicanorum
831 1303 1019 1400 arguentis,
1049 1307 1224 1382 dubitavit

249 1427 348 1498 Nero
374 1431 401 1466 “
412 1451 456 1496 an
473 1427 597 1498 cundia
615 1423 799 1522 vectigalia
811 1423 1092 1522 omittijuberet;
1118 1427 1226 1525 idque

161 1597 163 1608 .
252 1552 282 1588 “
301 1541 576 1642 pulcherrimum
592 1546 728 1623 donum
745 1545 861 1641 generi
880 1547 1079 1618 mortalium
1095 1549 1226 1622 daret.’'

247 1667 315 1742 Sed
332 1664 503 1762 impetum
521 1661 606 1762 ejus,
634 1665 785 1738 multum
803 1665 897 1762 prius
914 1668 1053 1739 laudata
1087 1676 1113 1710 “
1125 1695 1225 1769 mag-

250 1795 279 1832 “
296 1785 453 1860 nitudine
469 1785 617 1874 animi,''
641 1785 810 1859 attinuere
835 1784 1018 1876 senatores,
1038 1795 1066 1832 “
1083 1789 1225 1866 dissolu-

250 1915 278 1952 “
297 1907 428 1981 tionem
445 1906 604 2005 imperii”
628 1909 804 1995 doeend0,
833 1915 860 1950 “
879 1912 902 1980 s1
919 1907 1064 1999 frudun,
1097 1913 1228 2010 quibus

251 2037 280 2073 “
297 2027 488 2127 respublica
502 2026 732 2116 sustineretur,
745 2025 1042 2100 deminuerentur.
1068 2033 1226 2131 Qrippe,

252 2157 280 2194 “
298 2149 438 2224 sublatis
456 2145 631 2245 portoriis,
657 2144 816 2241 sequens,
842 2164 881 2216 ut
908 2144 1118 2221 tributorum
1142 2156 1227 2227 abo-

252 2270 376 2343 “litio
393 2267 681 2365 expostularetur.
731 2264 914 2362 Plerosque
937 2247 1159 2363 redigalium
1176 2271 1228 2345 so.

254 2399 282 2436 “
300 2391 454 2478 cietates,
489 2412 510 2458 a
539 2385 736 2462 consulibus
754 2385 948 2460 &tribunis
966 2386 1077 2484 plebis
1106 2393 1229 2466 consti.

255 2517 284 2554 “
303 2530 407 2600 tutas,
425 2508 496 2582 acri
513 2507 618 2581 etiam
636 2506 758 2604 populi
778 2508 932 2581 Romani
958 2529 1036 2582 tum
1062 2509 1229 2589 libertate.

255 2639 283 2677 “
301 2631 455 2728 Reliqua
471 2655 556 2703 mox
584 2627 632 2702 ita
654 2627 804 2726 provisa,
826 2650 861 2702 ut
877 2629 963 2702 ratio
981 2631 1176 2727 quaestuum
1196 2641 1231 2710 ac

253 2761 282 2798 “
301 2755 473 2827 neceffitas
494 2748 746 2852 ⁸erogationum
787 2749 876 2823 inter
917 2750 950 2824 se
992 2777 1233 2851 congruerent.

256 2882 284 2918 “
303 2874 564 2972 Temperandas
598 2871 698 2968 plane
734 2871 1004 2969 publicanorum
1038 2875 1231 2972 cupidines,

258 3004 349 3070 “ne
379 3021 439 3094 per
461 3015 521 3068 ‘tot
548 3019 657 3069 annos
681 2996 750 3066 fine
783 2995 919 3091 querella
947 2981 1105 3090 tolerata,
1133 2999 1234 3078 novis

254 3124 289 3214 ‘⁴‘
307 3115 546 3190 acerbitatibus
562 3117 607 3189 ad
624 3114 794 3188 invidiam
810 3119 1016 3189 verterent.''
1032 3119 1033 3124 ’

308 3239 373 3311 LI.
400 3241 509 3313 Enco
527 3235 832 3334 edixitPrinceps,
860 3244 940 3309 “ut
956 3239 1050 3336 leges
1068 3237 1233 3339 cujusque

260 3367 289 3403 “
308 3357 456 3457 publici,
482 3361 626 3432 occultae
644 3361 688 3432 ad
705 3358 741 3432 id
757 3378 912 3454 tempus,
927 3357 1232 3454 proscriberentur:

261 3489 290 3524 “
309 3481 448 3553 omissas
466 3477 747 3577 petitionesnon
763 3481 851 3551 ultra
867 3505 998 3552 annum
1016 3476 1234 3560 resumerent.

157 3615 160 3624 '
261 3609 290 3646 “
309 3605 436 3676 Romae
455 3621 595 3698 prator,
615 3625 676 3698 per
693 3599 901 3696 provincias,
916 3599 977 3696 qui
995 3618 1058 3696 pro
1075 3623 1235 3698 praetore,
1281 3661 1284 3666 a

262 3728 299 3802 “,
309 3742 369 3796 aut
401 3720 541 3808 consule
566 3722 688 3807 effent,
719 3703 801 3816 jura
833 3720 995 3791 adversus
1032 3721 1238 3816 publicanos

262 3849 407 3922 “extra
429 3841 591 3938 ordinem
608 3839 814 3922 redderent:
843 3837 1011 3921 militibus
1037 3839 1238 3924 immunitas
