3076 4868
329 387 374 490 68
526 371 1104 453 centulensium·
1205 343 1207 350 Ι

327 557 364 630 in
398 559 517 652 lucum
552 554 789 654 propinquum
817 556 933 646 trahit,
969 553 1194 653 “provisum
1228 553 1304 630 illie

328 685 356 720 “
373 675 575 773 sacrificium
594 674 829 772 imperatum”
851 675 1024 767 diffitens,
1052 681 1079 717 “
1097 695 1137 746 ut
1154 675 1220 748 diis
1236 676 1303 750 tes·

327 805 355 840 “
382 799 474 892 tibus
491 823 561 894 pax
578 798 808 870 firmaretur.''
857 799 942 870 Mos
958 797 1007 870 est
1031 783 1186 895 regibus,
1214 821 1304 894 quo-

232 925 239 940 '
324 917 414 992 tiens
447 919 484 992 in
516 917 714 994 societatem
748 913 887 1008 coeant,
931 916 1110 1024 implicare
1138 917 1303 1007 dextras,

281 1097 284 1104 ,
327 1037 538 1136 pollicesque
569 1040 661 1113 inter
691 1039 725 1115 se
754 1037 899 1130 vincire,
933 1039 1101 1135 nodoque
1133 1036 1304 1135 praestrin-

325 1183 432 1257 gere:
461 1183 549 1234 mox
574 1160 637 1234 ubi
663 1159 801 1258 sanguis
817 1159 855 1232 in
870 1179 962 1234 artus
978 1179 1149 1234 extremos
1165 1157 1199 1230 se
1215 1157 1305 1230 effu-

326 1280 428 1369 derit,
459 1279 528 1354 levi
549 1279 621 1354 iun
654 1306 812 1354 cruorem
836 1281 992 1370 eliciunt,
1026 1301 1130 1380 atque
1153 1278 1305 1354 invicem
1367 1367 1369 1372 Ι

326 1379 514 1475 lambunt:
537 1402 574 1474 id
599 1401 714 1474 foedns
735 1427 900 1474 arcanum
925 1404 1083 1490 habetur,
1115 1403 1209 1498 quast
1227 1425 1305 1472 mu·
1362 1485 1365 1492 Ι

328 1540 390 1594 tuo
406 1546 529 1594 cruore
551 1520 731 1591 sacratum}
782 1519 849 1608 Sed
876 1538 973 1610 tunc,
1008 1519 1070 1616 qui
1099 1546 1139 1592 ea
1160 1521 1306 1614 vincula

326 1642 551 1727 admovebat,
569 1636 731 1708 decidisse
748 1638 924 1728 fimulans,
952 1663 1067 1735 genua
1090 1639 1305 1713 Mithridatis

326 1757 477 1845 invadit,
508 1755 690 1850 ipsumque
717 1749 924 1852 prosternit:
952 1759 1122 1855 simulque
1138 1759 1306 1834 concursu

327 1875 481 1974 plurium
509 1871 709 1970 injiciuntur
734 1895 890 1964 catenae3
921 1903 961 1952 ac
992 1876 1176 1978 compede,
1207 1874 1305 1979 quod

326 1996 542 2070 dedecorum
571 1995 740 2087 barbaris,
772 1998 979 2072 trahebatur.
1029 2002 1196 2099 Moxque
1226 2003 1304 2074 vul-

327 2144 407 2216 gus,
436 2120 527 2192 duro
556 2115 704 2214 imperio
723 2119 903 2210 habitum,
931 2122 1126 2216 probra.ac
1160 2124 1307 2196 verbera
1343 2139 1345 2146 '

326 2239 529 2314 intentabat.
580 2243 628 2312 Et
646 2260 743 2314 erant
760 2242 894 2332 contra,
921 2241 1132 2340 qui‘tantam
1156 2241 1305 2316 fortuna

327 2343 641 2436 commutationem
675 2359 923 2434 miserarentur.
997 2365 1192 2464 Secutaque
1224 2391 1307 2439 cum

325 2481 440 2579 parvis
457 2477 576 2550 liberis
602 2475 768 2572 conjunta,
796 2483 921 2552 cunela
942 2483 1189 2560 lamentatione
1206 2513 1305 2560 com·

326 2601 457 2697 plebat.
507 2594 660 2666 Diversis
679 2599 711 2668 δι
730 2598 898 2670 contestis
915 2575 1085 2674 vehiculis
1113 2607 1304 2696 abduntur,

326 2721 414 2790 dum
432 2713 668 2788 Pharasmanis
679 2713 769 2813 jussa
785 2717 1058 2814 exquirerentur.
1100 2723 1156 2796 llli
1176 2725 1306 2822 cupido

325 2835 426 2935 regni
461 2833 621 2910 fratre&
648 2837 718 2910 filia
743 2838 870 2935 potior,
899 2839 1101 2941 animusque
1123 2843 1306 2922 sceleribus

285 3001 306 3037 ·.
324 2977 487 3056 paratus:
519 2957 605 3031 visui
630 2979 748 3062 tamen
774 2957 956 3050 consuluit3
982 2988 1026 3035 ne
1053 2987 1175 3039 coram
1199 2967 1305 3042 inter-

323 3081 518 3172 ficerentur.
570 3081 635 3150 ‘Et
668 3080 929 3172 Rhadamistus,
967 3087 1061 3181 quasr
1082 3083 1305 3186 jurisjurandi

324 3223 474 3285 memor,
505 3224 576 3270 non
592 3195 738 3288 serrum,
763 3225 832 3272 non
858 3227 1034 3278 venenum
1051 3205 1088 3280 in
1104 3206 1252 3285 sororem
1270 3215 1306 3285 δε

327 3338 489 3416 patruum
514 3317 688 3414 expromit
702 3347 713 3404 ;
738 3319 796 3392 sed
822 3321 990 3420 projeelos
1018 3325 1054 3399 in
1079 3329 1241 3418 humum,
1269 3336 1305 3405 ὅτ

325 3439 417 3511 veste
435 3440 546 3512 multal
564 3438 732 3536 gravique
750 3463 888 3537 opertos
905 3467 1016 3520 necat.
1065 3448 1144 3520 Filii
1162 3474 1306 3546 quoque

265 3663 268 3676 Ι
324 3556 551 3648 Mithridatis,
583 3557 680 3656 quod
713 3562 866 3640 caedibus
899 3586 1081 3664 parentum
1109 3557 1306 3646 inlacrima-

327 3698 459 3770 verant,
479 3679 638 3755 trueidati
652 3680 741 3756 sunt.
939 3673 948 3694 ’
1259 3675 1262 3682 ’
1357 3696 1360 3703 ’
