<?xml version="1.0" encoding="UTF-8"?>
<!DOCTYPE html PUBLIC "-//W3C//DTD XHTML 1.0 Transitional//EN"
    "http://www.w3.org/TR/xhtml1/DTD/xhtml1-transitional.dtd">
<html xmlns="http://www.w3.org/1999/xhtml" xml:lang="en" lang="en">
 <head>
  <title>
</title>
<meta http-equiv="Content-Type" content="text/html;charset=utf-8" />
  <meta name='ocr-system' content='tesseract 3.04.00' />
  <meta name='ocr-capabilities' content='ocr_page ocr_carea ocr_par ocr_line ocrx_word'/>
</head>
<body>
  <div class='ocr_page' id='page_1' title='image "./ccorneliitaciti03freigoog_0184.png"; bbox 0 0 3120 4860; ppageno 0'>
   <div class='ocr_carea' id='block_1_1' title="bbox 429 395 1267 500">
    <p class='ocr_par' dir='ltr' id='par_1_1' title="bbox 429 395 1267 500">
     <span class='ocr_line' id='line_1_1' title="bbox 429 395 1267 500; baseline 0.004 -28"><span class='ocrx_word' id='word_1_1' title='bbox 429 397 759 482; x_wconf 57' lang='lat' dir='ltr'>&#39;Antiatum</span> <span class='ocrx_word' id='word_1_2' title='bbox 790 397 903 470; x_wconf 82' lang='lat' dir='ltr'>Ltn.</span> <span class='ocrx_word' id='word_1_3' title='bbox 930 395 1031 472; x_wconf 87' lang='lat' dir='ltr'>XIV.</span> <span class='ocrx_word' id='word_1_4' title='bbox 1201 403 1267 500; x_wconf 80' lang='lat'>183</span> 
     </span>
    </p>
   </div>
   <div class='ocr_carea' id='block_1_2' title="bbox 183 573 1269 1768">
    <p class='ocr_par' dir='ltr' id='par_1_2' title="bbox 183 573 1269 1620">
     <span class='ocr_line' id='line_1_2' title="bbox 183 573 1266 683; baseline 0.007 -36"><span class='ocrx_word' id='word_1_5' title='bbox 183 653 186 678; x_wconf 37' lang='lat'><em>4</em></span> <span class='ocrx_word' id='word_1_6' title='bbox 282 581 311 625; x_wconf 60' lang='lat'>‘¹</span> <span class='ocrx_word' id='word_1_7' title='bbox 330 575 483 650; x_wconf 80' lang='lat' dir='ltr'>tionem?</span> <span class='ocrx_word' id='word_1_8' title='bbox 551 577 627 666; x_wconf 84' lang='lat' dir='ltr'>An,</span> <span class='ocrx_word' id='word_1_9' title='bbox 652 573 741 683; x_wconf 54' lang='lat' dir='ltr'>*quia</span> <span class='ocrx_word' id='word_1_10' title='bbox 767 578 888 652; x_wconf 82' lang='lat' dir='ltr'>veram</span> <span class='ocrx_word' id='word_1_11' title='bbox 913 573 1125 679; x_wconf 80' lang='lat' dir='ltr'>&#39;progeniem</span> <span class='ocrx_word' id='word_1_12' title='bbox 1159 603 1266 676; x_wconf 86' lang='lat' dir='ltr'>pena-</span> 
     </span>
     <span class='ocr_line' id='line_1_3' title="bbox 279 693 1266 797; baseline 0.003 -28"><span class='ocrx_word' id='word_1_13' title='bbox 279 701 308 740; x_wconf 85' lang='lat'><strong>“</strong></span> <span class='ocrx_word' id='word_1_14' title='bbox 326 695 420 770; x_wconf 75' lang='lat' dir='ltr'>tibus</span> <span class='ocrx_word' id='word_1_15' title='bbox 437 693 613 771; x_wconf 79' lang='lat' dir='ltr'>Caesarum</span> <span class='ocrx_word' id='word_1_16' title='bbox 637 695 758 772; x_wconf 81' lang='lat' dir='ltr'>datura</span> <span class='ocrx_word' id='word_1_17' title='bbox 784 701 837 790; x_wconf 88' lang='lat' dir='ltr'>fit,</span> <span class='ocrx_word' id='word_1_18' title='bbox 864 699 970 772; x_wconf 83' lang='lat' dir='ltr'>malle</span> <span class='ocrx_word' id='word_1_19' title='bbox 997 699 1171 797; x_wconf 88' lang='lat' dir='ltr'>populum</span> <span class='ocrx_word' id='word_1_20' title='bbox 1187 701 1266 774; x_wconf 91' lang='lat' dir='ltr'>Ro-</span> 
     </span>
     <span class='ocr_line' id='line_1_4' title="bbox 210 815 1266 918; baseline -0.002 -24"><span class='ocrx_word' id='word_1_21' title='bbox 210 889 212 894; x_wconf 80' lang='lat'><em>.</em></span> <span class='ocrx_word' id='word_1_22' title='bbox 280 820 310 860; x_wconf 80' lang='lat'>‘⁶</span> <span class='ocrx_word' id='word_1_23' title='bbox 327 815 476 892; x_wconf 78' lang='lat' dir='ltr'>uranum</span> <span class='ocrx_word' id='word_1_24' title='bbox 492 816 642 892; x_wconf 85' lang='lat' dir='ltr'>tibicinis</span> <span class='ocrx_word' id='word_1_25' title='bbox 658 818 824 916; x_wconf 86' lang='lat' dir='ltr'>AEgyptii</span> <span class='ocrx_word' id='word_1_26' title='bbox 849 817 1010 895; x_wconf 86' lang='lat' dir='ltr'><strong>subolem</strong></span> <span class='ocrx_word' id='word_1_27' title='bbox 1034 819 1266 918; x_wconf 82' lang='lat' dir='ltr'>Imperatorio</span> 
     </span>
     <span class='ocr_line' id='line_1_5' title="bbox 277 936 1265 1040; baseline 0.001 -27"><span class='ocrx_word' id='word_1_28' title='bbox 277 945 308 982; x_wconf 88' lang='lat'><strong><em>“</em></strong></span> <span class='ocrx_word' id='word_1_29' title='bbox 325 937 465 1040; x_wconf 82' lang='lat' dir='ltr'>fastigio</span> <span class='ocrx_word' id='word_1_30' title='bbox 493 936 642 1011; x_wconf 87' lang='lat' dir='ltr'>induci?</span> <span class='ocrx_word' id='word_1_31' title='bbox 694 939 874 1038; x_wconf 81' lang='lat' dir='ltr'>Denique,</span> <span class='ocrx_word' id='word_1_32' title='bbox 898 943 922 1015; x_wconf 82' lang='lat' dir='ltr'>fi</span> <span class='ocrx_word' id='word_1_33' title='bbox 945 941 982 1014; x_wconf 92' lang='lat' dir='ltr'>id</span> <span class='ocrx_word' id='word_1_34' title='bbox 1004 944 1105 1016; x_wconf 89' lang='lat' dir='ltr'>rebus</span> <span class='ocrx_word' id='word_1_35' title='bbox 1130 942 1265 1020; x_wconf 85' lang='lat' dir='ltr'>condu-</span> 
     </span>
     <span class='ocr_line' id='line_1_6' title="bbox 280 1059 1267 1159; baseline 0.004 -25"><span class='ocrx_word' id='word_1_36' title='bbox 280 1065 310 1103; x_wconf 89' lang='lat'><strong>“</strong></span> <span class='ocrx_word' id='word_1_37' title='bbox 328 1079 399 1158; x_wconf 82' lang='lat' dir='ltr'>cat,</span> <span class='ocrx_word' id='word_1_38' title='bbox 429 1059 554 1151; x_wconf 89' lang='lat' dir='ltr'>libens,</span> <span class='ocrx_word' id='word_1_39' title='bbox 585 1059 695 1159; x_wconf 73' lang='lat' dir='ltr'>quam</span> <span class='ocrx_word' id='word_1_40' title='bbox 719 1063 873 1152; x_wconf 72' lang='lat' dir='ltr'>coactus,</span> <span class='ocrx_word' id='word_1_41' title='bbox 908 1063 1036 1138; x_wconf 87' lang='lat' dir='ltr'>acciret</span> <span class='ocrx_word' id='word_1_42' title='bbox 1069 1059 1267 1154; x_wconf 89' lang='lat' dir='ltr'>dominam,</span> 
     </span>
     <span class='ocr_line' id='line_1_7' title="bbox 280 1179 1266 1281; baseline 0.008 -28"><span class='ocrx_word' id='word_1_43' title='bbox 280 1185 310 1225; x_wconf 88' lang='lat'><strong>“</strong></span> <span class='ocrx_word' id='word_1_44' title='bbox 327 1181 385 1254; x_wconf 86' lang='lat' dir='ltr'>vel</span> <span class='ocrx_word' id='word_1_45' title='bbox 401 1181 594 1256; x_wconf 75' lang='lat' dir='ltr'>consuleret</span> <span class='ocrx_word' id='word_1_46' title='bbox 608 1179 780 1256; x_wconf 85' lang='lat' dir='ltr'>securitati</span> <span class='ocrx_word' id='word_1_47' title='bbox 789 1181 880 1281; x_wconf 63' lang='lat' dir='ltr'>justa</span> <span class='ocrx_word' id='word_1_48' title='bbox 895 1184 1038 1258; x_wconf 86' lang='lat' dir='ltr'>ultione.</span> <span class='ocrx_word' id='word_1_49' title='bbox 1064 1233 1070 1248; x_wconf 58' lang='grc' dir='ltr'><strong><em>ι</em></strong></span> <span class='ocrx_word' id='word_1_50' title='bbox 1089 1187 1137 1259; x_wconf 91' lang='lat' dir='ltr'>Et</span> <span class='ocrx_word' id='word_1_51' title='bbox 1149 1185 1266 1260; x_wconf 83' lang='lat' dir='ltr'>modi·</span> 
     </span>
     <span class='ocr_line' id='line_1_8' title="bbox 279 1301 1268 1400; baseline 0.006 -24"><span class='ocrx_word' id='word_1_52' title='bbox 279 1309 310 1346; x_wconf 87' lang='lat'><strong>“</strong></span> <span class='ocrx_word' id='word_1_53' title='bbox 326 1302 378 1376; x_wconf 80' lang='lat' dir='ltr'>cis</span> <span class='ocrx_word' id='word_1_54' title='bbox 406 1301 583 1396; x_wconf 81' lang='lat' dir='ltr'>remediis,</span> <span class='ocrx_word' id='word_1_55' title='bbox 614 1301 747 1400; x_wconf 82' lang='lat' dir='ltr'>primos&#39;</span> <span class='ocrx_word' id='word_1_56' title='bbox 772 1323 891 1378; x_wconf 87' lang='lat' dir='ltr'>motus</span> <span class='ocrx_word' id='word_1_57' title='bbox 925 1304 1131 1380; x_wconf 79' lang='lat' dir='ltr'>consediffee</span> <span class='ocrx_word' id='word_1_58' title='bbox 1157 1327 1206 1398; x_wconf 88' lang='lat' dir='ltr'>at,</span> <span class='ocrx_word' id='word_1_59' title='bbox 1242 1311 1268 1382; x_wconf 84' lang='lat' dir='ltr'>fi</span> 
     </span>
     <span class='ocr_line' id='line_1_9' title="bbox 280 1420 1269 1522; baseline 0.005 -25"><span class='ocrx_word' id='word_1_60' title='bbox 280 1420 510 1522; x_wconf 77' lang='lat' dir='ltr'>“desperent</span> <span class='ocrx_word' id='word_1_61' title='bbox 536 1449 685 1498; x_wconf 84' lang='lat' dir='ltr'>uxorem</span> <span class='ocrx_word' id='word_1_62' title='bbox 711 1423 863 1500; x_wconf 84' lang='lat' dir='ltr'>Neronis</span> <span class='ocrx_word' id='word_1_63' title='bbox 892 1423 967 1502; x_wconf 84' lang='lat' dir='ltr'>fore</span> <span class='ocrx_word' id='word_1_64' title='bbox 995 1425 1195 1518; x_wconf 72' lang='lat' dir='ltr'>octaviam,</span> <span class='ocrx_word' id='word_1_65' title='bbox 1216 1426 1269 1502; x_wconf 86' lang='lat' dir='ltr'>itti</span> 
     </span>
     <span class='ocr_line' id='line_1_10' title="bbox 281 1545 690 1620; baseline 0.002 -1"><span class='ocrx_word' id='word_1_66' title='bbox 281 1551 313 1591; x_wconf 89' lang='lat'><strong><em>“</em></strong></span> <span class='ocrx_word' id='word_1_67' title='bbox 330 1545 498 1620; x_wconf 85' lang='lat' dir='ltr'>maritum</span> <span class='ocrx_word' id='word_1_68' title='bbox 509 1546 690 1620; x_wconf 81' lang='lat' dir='ltr'>datume.&#39;’</span> 
     </span>
    </p>

    <p class='ocr_par' dir='ltr' id='par_1_3' title="bbox 326 1663 1267 1768">
     <span class='ocr_line' id='line_1_11' title="bbox 326 1663 1267 1768; baseline 0.002 -26"><span class='ocrx_word' id='word_1_69' title='bbox 326 1663 448 1742; x_wconf 81' lang='lat' dir='ltr'><strong>LXII.</strong></span> <span class='ocrx_word' id='word_1_70' title='bbox 491 1665 648 1740; x_wconf 80' lang='lat' dir='ltr'>Vnntus</span> <span class='ocrx_word' id='word_1_71' title='bbox 684 1665 810 1758; x_wconf 87' lang='lat' dir='ltr'>sermo,</span> <span class='ocrx_word' id='word_1_72' title='bbox 842 1673 877 1742; x_wconf 84' lang='lat'>&amp;</span> <span class='ocrx_word' id='word_1_73' title='bbox 914 1670 960 1744; x_wconf 85' lang='lat' dir='ltr'>ad</span> <span class='ocrx_word' id='word_1_74' title='bbox 993 1687 1128 1744; x_wconf 89' lang='lat' dir='ltr'>metum</span> <span class='ocrx_word' id='word_1_75' title='bbox 1160 1689 1267 1768; x_wconf 86' lang='lat' dir='ltr'>atque</span> 
     </span>
    </p>
   </div>
   <div class='ocr_carea' id='block_1_3' title="bbox 270 1787 1391 2008">
    <p class='ocr_par' dir='ltr' id='par_1_4' title="bbox 270 1787 1391 2008">
     <span class='ocr_line' id='line_1_12' title="bbox 276 1787 1391 1884; baseline 0 -20"><span class='ocrx_word' id='word_1_76' title='bbox 276 1787 366 1864; x_wconf 86' lang='lat' dir='ltr'>iram</span> <span class='ocrx_word' id='word_1_77' title='bbox 383 1789 683 1880; x_wconf 84' lang='lat' dir='ltr'>accommodatus,</span> <span class='ocrx_word' id='word_1_78' title='bbox 701 1789 820 1863; x_wconf 90' lang='lat' dir='ltr'>terruit</span> <span class='ocrx_word' id='word_1_79' title='bbox 853 1791 954 1864; x_wconf 75' lang='lat' dir='ltr'>simul</span> <span class='ocrx_word' id='word_1_80' title='bbox 980 1789 1195 1883; x_wconf 81' lang='lat' dir='ltr'>audientem,</span> <span class='ocrx_word' id='word_1_81' title='bbox 1211 1875 1216 1884; x_wconf 14' lang='lat' dir='ltr'>N</span> <span class='ocrx_word' id='word_1_82' title='bbox 1231 1794 1267 1864; x_wconf 75' lang='grc' dir='ltr'>δι</span> <span class='ocrx_word' id='word_1_83' title='bbox 1385 1799 1391 1821; x_wconf 69' lang='grc'><strong>“</strong></span> 
     </span>
     <span class='ocr_line' id='line_1_13' title="bbox 270 1909 1382 2008; baseline 0.002 -24"><span class='ocrx_word' id='word_1_84' title='bbox 270 1909 446 1984; x_wconf 82' lang='lat' dir='ltr'>accendit.</span> <span class='ocrx_word' id='word_1_85' title='bbox 496 1911 565 1984; x_wconf 88' lang='lat' dir='ltr'>Sed</span> <span class='ocrx_word' id='word_1_86' title='bbox 594 1931 720 2008; x_wconf 86' lang='lat' dir='ltr'>parum</span> <span class='ocrx_word' id='word_1_87' title='bbox 744 1911 883 1984; x_wconf 81' lang='lat' dir='ltr'>valebat</span> <span class='ocrx_word' id='word_1_88' title='bbox 912 1909 1059 2008; x_wconf 89' lang='lat' dir='ltr'>suspicio</span> <span class='ocrx_word' id='word_1_89' title='bbox 1085 1910 1121 1984; x_wconf 92' lang='lat' dir='ltr'>in</span> <span class='ocrx_word' id='word_1_90' title='bbox 1147 1911 1263 2002; x_wconf 80' lang='lat' dir='ltr'>servo,</span> <span class='ocrx_word' id='word_1_91' title='bbox 1379 1991 1382 1997; x_wconf 62' lang='grc'><strong>,</strong></span> 
     </span>
    </p>
   </div>
   <div class='ocr_carea' id='block_1_4' title="bbox 180 2028 1266 2380">
    <p class='ocr_par' dir='ltr' id='par_1_5' title="bbox 180 2028 1266 2380">
     <span class='ocr_line' id='line_1_14' title="bbox 275 2028 1263 2137; baseline -0.007 -33"><span class='ocrx_word' id='word_1_92' title='bbox 275 2035 312 2104; x_wconf 74' lang='lat' dir='ltr'>dc</span> <span class='ocrx_word' id='word_1_93' title='bbox 325 2030 577 2130; x_wconf 68' lang='lat' dir='ltr'>quaestionibus</span> <span class='ocrx_word' id='word_1_94' title='bbox 593 2028 909 2137; x_wconf 24' lang='lat' dir='ltr'>ancillammlclusa</span> <span class='ocrx_word' id='word_1_95' title='bbox 925 2049 1009 2102; x_wconf 85' lang='lat' dir='ltr'>erat.</span> <span class='ocrx_word' id='word_1_96' title='bbox 1060 2033 1160 2129; x_wconf 82' lang='lat' dir='ltr'>Ergo</span> <span class='ocrx_word' id='word_1_97' title='bbox 1177 2059 1263 2108; x_wconf 83' lang='lat' dir='ltr'>con.</span> 
     </span>
     <span class='ocr_line' id='line_1_15' title="bbox 193 2145 1266 2251; baseline -0.007 -25"><span class='ocrx_word' id='word_1_98' title='bbox 193 2215 199 2226; x_wconf 92' lang='lat'><em>.</em></span> <span class='ocrx_word' id='word_1_99' title='bbox 271 2147 455 2227; x_wconf 68' lang='lat' dir='ltr'>testimon</span> <span class='ocrx_word' id='word_1_100' title='bbox 472 2147 615 2248; x_wconf 81' lang='lat' dir='ltr'>alicujus</span> <span class='ocrx_word' id='word_1_101' title='bbox 631 2148 740 2247; x_wconf 82' lang='lat' dir='ltr'>quaeri</span> <span class='ocrx_word' id='word_1_102' title='bbox 757 2149 886 2244; x_wconf 83' lang='lat' dir='ltr'>placet,</span> <span class='ocrx_word' id='word_1_103' title='bbox 912 2145 971 2220; x_wconf 92' lang='lat' dir='ltr'>cui</span> <span class='ocrx_word' id='word_1_104' title='bbox 987 2171 1104 2220; x_wconf 85' lang='lat' dir='ltr'>retum</span> <span class='ocrx_word' id='word_1_105' title='bbox 1119 2177 1266 2251; x_wconf 84' lang='lat' dir='ltr'>quoque</span> 
     </span>
     <span class='ocr_line' id='line_1_16' title="bbox 180 2264 1266 2380; baseline 0 -32"><span class='ocrx_word' id='word_1_106' title='bbox 180 2264 184 2278; x_wconf 53' lang='lat'><strong>¹</strong></span> <span class='ocrx_word' id='word_1_107' title='bbox 274 2295 449 2380; x_wconf 75' lang='lat' dir='ltr'>nonarum</span> <span class='ocrx_word' id='word_1_108' title='bbox 473 2269 607 2346; x_wconf 84' lang='lat' dir='ltr'>crimen</span> <span class='ocrx_word' id='word_1_109' title='bbox 630 2267 880 2367; x_wconf 84' lang='lat' dir='ltr'>adfingetetur.</span> <span class='ocrx_word' id='word_1_110' title='bbox 931 2270 979 2342; x_wconf 89' lang='lat' dir='ltr'>Et</span> <span class='ocrx_word' id='word_1_111' title='bbox 1007 2265 1098 2342; x_wconf 85' lang='lat' dir='ltr'>visus</span> <span class='ocrx_word' id='word_1_112' title='bbox 1120 2269 1266 2348; x_wconf 85' lang='lat' dir='ltr'>idoneus</span> 
     </span>
    </p>
   </div>
   <div class='ocr_carea' id='block_1_5' title="bbox 275 2388 1446 2488">
    <p class='ocr_par' dir='ltr' id='par_1_6' title="bbox 275 2388 1446 2488">
     <span class='ocr_line' id='line_1_17' title="bbox 275 2388 1446 2488; baseline -0.004 -20"><span class='ocrx_word' id='word_1_113' title='bbox 275 2410 440 2468; x_wconf 87' lang='lat' dir='ltr'>matemae</span> <span class='ocrx_word' id='word_1_114' title='bbox 458 2388 551 2465; x_wconf 84' lang='lat' dir='ltr'>necis</span> <span class='ocrx_word' id='word_1_115' title='bbox 572 2407 738 2488; x_wconf 79' lang='lat' dir='ltr'>patrator,</span> <span class='ocrx_word' id='word_1_116' title='bbox 759 2388 943 2478; x_wconf 81' lang='lat' dir='ltr'>Anicetus,</span> <span class='ocrx_word' id='word_1_117' title='bbox 971 2388 1063 2462; x_wconf 83' lang='lat' dir='ltr'>ciassi</span> <span class='ocrx_word' id='word_1_118' title='bbox 1079 2393 1175 2488; x_wconf 90' lang='lat' dir='ltr'>apud</span> <span class='ocrx_word' id='word_1_119' title='bbox 1191 2393 1267 2466; x_wconf 87' lang='lat' dir='ltr'>Mi·</span> <span class='ocrx_word' id='word_1_120' title='bbox 1309 2393 1310 2396; x_wconf 69' lang='grc'>’</span> <span class='ocrx_word' id='word_1_121' title='bbox 1439 2415 1446 2426; x_wconf 82' lang='grc'><em>’</em></span> 
     </span>
    </p>
   </div>
   <div class='ocr_carea' id='block_1_6' title="bbox 263 2508 1354 3580">
    <p class='ocr_par' dir='ltr' id='par_1_7' title="bbox 263 2508 1291 2978">
     <span class='ocr_line' id='line_1_18' title="bbox 273 2508 1265 2610; baseline 0 -24"><span class='ocrx_word' id='word_1_122' title='bbox 273 2511 414 2604; x_wconf 83' lang='lat' dir='ltr'>senum,</span> <span class='ocrx_word' id='word_1_123' title='bbox 438 2532 477 2586; x_wconf 91' lang='lat' dir='ltr'>ut</span> <span class='ocrx_word' id='word_1_124' title='bbox 498 2511 703 2602; x_wconf 84' lang='lat' dir='ltr'>memoravi,</span> <span class='ocrx_word' id='word_1_125' title='bbox 728 2508 924 2610; x_wconf 68' lang='lat' dir='ltr'>praefcdtua,</span> <span class='ocrx_word' id='word_1_126' title='bbox 948 2509 1018 2584; x_wconf 91' lang='lat' dir='ltr'>levi</span> <span class='ocrx_word' id='word_1_127' title='bbox 1044 2510 1122 2608; x_wconf 91' lang='lat' dir='ltr'>post</span> <span class='ocrx_word' id='word_1_128' title='bbox 1138 2511 1265 2588; x_wconf 91' lang='lat' dir='ltr'>admis-</span> 
     </span>
     <span class='ocr_line' id='line_1_19' title="bbox 274 2631 1266 2734; baseline -0.006 -22"><span class='ocrx_word' id='word_1_129' title='bbox 274 2631 353 2712; x_wconf 85' lang='lat' dir='ltr'>sum</span> <span class='ocrx_word' id='word_1_130' title='bbox 377 2633 485 2708; x_wconf 83' lang='lat' dir='ltr'>scelus</span> <span class='ocrx_word' id='word_1_131' title='bbox 516 2632 641 2734; x_wconf 67' lang='lat' dir='ltr'>gratia,</span> <span class='ocrx_word' id='word_1_132' title='bbox 667 2631 749 2706; x_wconf 81' lang='lat' dir='ltr'>dein</span> <span class='ocrx_word' id='word_1_133' title='bbox 773 2631 1054 2731; x_wconf 80' lang='lat' dir='ltr'>grauioreodio:</span> <span class='ocrx_word' id='word_1_134' title='bbox 1081 2632 1165 2731; x_wconf 88' lang='lat' dir='ltr'>quia</span> <span class='ocrx_word' id='word_1_135' title='bbox 1189 2659 1266 2706; x_wconf 84' lang='lat' dir='ltr'>ma·</span> 
     </span>
     <span class='ocr_line' id='line_1_20' title="bbox 273 2752 1267 2856; baseline -0.004 -26"><span class='ocrx_word' id='word_1_136' title='bbox 273 2757 391 2832; x_wconf 84' lang='lat' dir='ltr'>lorum</span> <span class='ocrx_word' id='word_1_137' title='bbox 406 2755 608 2832; x_wconf 84' lang='lat' dir='ltr'>facinorum</span> <span class='ocrx_word' id='word_1_138' title='bbox 625 2752 773 2829; x_wconf 89' lang='lat' dir='ltr'>ministri</span> <span class='ocrx_word' id='word_1_139' title='bbox 792 2755 886 2852; x_wconf 82' lang='lat' dir='ltr'>quasr</span> <span class='ocrx_word' id='word_1_140' title='bbox 902 2756 1154 2856; x_wconf 68' lang='lat' dir='ltr'>exprobrantes</span> <span class='ocrx_word' id='word_1_141' title='bbox 1176 2753 1216 2828; x_wconf 86' lang='lat' dir='ltr'>as</span> <span class='ocrx_word' id='word_1_142' title='bbox 1211 2753 1267 2851; x_wconf 84' lang='lat' dir='ltr'>pi-</span> 
     </span>
     <span class='ocr_line' id='line_1_21' title="bbox 263 2873 1291 2978; baseline -0.002 -28"><span class='ocrx_word' id='word_1_143' title='bbox 263 2877 427 2978; x_wconf 64' lang='lat' dir='ltr'>¹ciuntur.</span> <span class='ocrx_word' id='word_1_144' title='bbox 494 2876 607 2977; x_wconf 80' lang='lat' dir='ltr'>igitur</span> <span class='ocrx_word' id='word_1_145' title='bbox 647 2875 800 2950; x_wconf 86' lang='lat' dir='ltr'>accitum</span> <span class='ocrx_word' id='word_1_146' title='bbox 832 2899 916 2950; x_wconf 86' lang='lat' dir='ltr'>eum</span> <span class='ocrx_word' id='word_1_147' title='bbox 948 2873 1061 2952; x_wconf 81' lang='lat' dir='ltr'>caesar</span> <span class='ocrx_word' id='word_1_148' title='bbox 1099 2881 1127 2918; x_wconf 91' lang='lat'><strong>“</strong></span> <span class='ocrx_word' id='word_1_149' title='bbox 1148 2873 1291 2973; x_wconf 81' lang='lat' dir='ltr'>operae&#39;</span> 
     </span>
    </p>

    <p class='ocr_par' dir='ltr' id='par_1_8' title="bbox 275 2995 1354 3580">
     <span class='ocr_line' id='line_1_22' title="bbox 277 2995 1354 3096; baseline -0.005 -22"><span class='ocrx_word' id='word_1_150' title='bbox 277 3004 306 3044; x_wconf 88' lang='lat'><strong>“</strong></span> <span class='ocrx_word' id='word_1_151' title='bbox 325 2997 472 3096; x_wconf 55' lang='lat' dir='ltr'>prinum</span> <span class='ocrx_word' id='word_1_152' title='bbox 496 2999 674 3072; x_wconf 70' lang='lat' dir='ltr'>admonet</span> <span class='ocrx_word' id='word_1_153' title='bbox 726 3003 753 3039; x_wconf 93' lang='lat'><strong>“</strong></span> <span class='ocrx_word' id='word_1_154' title='bbox 776 2997 900 3070; x_wconf 85' lang='lat' dir='ltr'>Solum</span> <span class='ocrx_word' id='word_1_155' title='bbox 914 2995 1145 3071; x_wconf 87' lang='lat' dir='ltr'>incolumitati</span> <span class='ocrx_word' id='word_1_156' title='bbox 1163 2995 1266 3070; x_wconf 86' lang='lat' dir='ltr'>Prin·</span> <span class='ocrx_word' id='word_1_157' title='bbox 1350 3034 1354 3040; x_wconf 94' lang='lat'>·</span> 
     </span>
     <span class='ocr_line' id='line_1_23' title="bbox 278 3115 1262 3217; baseline 0.002 -25"><span class='ocrx_word' id='word_1_158' title='bbox 278 3117 412 3217; x_wconf 90' lang='lat' dir='ltr'>“cipis</span> <span class='ocrx_word' id='word_1_159' title='bbox 435 3117 601 3192; x_wconf 72' lang='lat' dir='ltr'>adversita</span> <span class='ocrx_word' id='word_1_160' title='bbox 628 3115 848 3204; x_wconf 73' lang='lat' dir='ltr'>insidiantem</span> <span class='ocrx_word' id='word_1_161' title='bbox 870 3135 1019 3192; x_wconf 80' lang='lat' dir='ltr'>matrem</span> <span class='ocrx_word' id='word_1_162' title='bbox 1047 3115 1262 3194; x_wconf 77' lang='lat' dir='ltr'>subvenisse:</span> 
     </span>
     <span class='ocr_line' id='line_1_24' title="bbox 277 3235 1266 3338; baseline 0.002 -25"><span class='ocrx_word' id='word_1_163' title='bbox 277 3244 306 3284; x_wconf 88' lang='lat'>“</span> <span class='ocrx_word' id='word_1_164' title='bbox 318 3235 444 3313; x_wconf 73' lang='lat' dir='ltr'>&#39;locum</span> <span class='ocrx_word' id='word_1_165' title='bbox 456 3239 553 3314; x_wconf 89' lang='lat' dir='ltr'>haud</span> <span class='ocrx_word' id='word_1_166' title='bbox 570 3236 717 3317; x_wconf 84' lang='lat' dir='ltr'>minoris</span> <span class='ocrx_word' id='word_1_167' title='bbox 735 3236 854 3338; x_wconf 83' lang='lat' dir='ltr'>gratiae</span> <span class='ocrx_word' id='word_1_168' title='bbox 878 3237 1016 3328; x_wconf 84' lang='lat' dir='ltr'>instare,</span> <span class='ocrx_word' id='word_1_169' title='bbox 1036 3241 1059 3313; x_wconf 88' lang='lat' dir='ltr'>fi</span> <span class='ocrx_word' id='word_1_170' title='bbox 1076 3235 1266 3337; x_wconf 85' lang='lat' dir='ltr'>conjugem</span> 
     </span>
     <span class='ocr_line' id='line_1_25' title="bbox 275 3341 1262 3459; baseline 0.003 -28"><span class='ocrx_word' id='word_1_171' title='bbox 275 3356 495 3434; x_wconf 83' lang='lat' dir='ltr'>“infensam</span> <span class='ocrx_word' id='word_1_172' title='bbox 519 3359 733 3459; x_wconf 84' lang='lat' dir='ltr'>depelleret:</span> <span class='ocrx_word' id='word_1_173' title='bbox 766 3341 832 3434; x_wconf 74' lang='lat' dir='ltr'>nec</span> <span class='ocrx_word' id='word_1_174' title='bbox 858 3384 966 3436; x_wconf 91' lang='lat' dir='ltr'>manu</span> <span class='ocrx_word' id='word_1_175' title='bbox 980 3360 1049 3434; x_wconf 67' lang='lat' dir='ltr'>‘aut</span> <span class='ocrx_word' id='word_1_176' title='bbox 1065 3361 1135 3434; x_wconf 88' lang='lat' dir='ltr'>telo</span> <span class='ocrx_word' id='word_1_177' title='bbox 1159 3386 1262 3458; x_wconf 80' lang='lat' dir='ltr'>opus.</span> 
     </span>
     <span class='ocr_line' id='line_1_26' title="bbox 276 3471 1265 3580; baseline 0.004 -26"><span class='ocrx_word' id='word_1_178' title='bbox 276 3486 305 3530; x_wconf 87' lang='lat'><strong>“</strong></span> <span class='ocrx_word' id='word_1_179' title='bbox 322 3471 504 3560; x_wconf 67' lang='lat' dir='ltr'>Fatercmr</span> <span class='ocrx_word' id='word_1_180' title='bbox 515 3480 674 3566; x_wconf 72' lang='lat' dir='ltr'>Odaviae</span> <span class='ocrx_word' id='word_1_181' title='bbox 693 3480 913 3556; x_wconf 74' lang='lat' dir='ltr'>adulterium.</span> <span class='ocrx_word' id='word_1_182' title='bbox 952 3483 1103 3556; x_wconf 86' lang='lat' dir='ltr'>Occulta</span> <span class='ocrx_word' id='word_1_183' title='bbox 1119 3481 1265 3580; x_wconf 86' lang='lat' dir='ltr'>quidem</span> 
     </span>
    </p>
   </div>
   <div class='ocr_carea' id='block_1_7' title="bbox 111 3575 1400 3823">
    <p class='ocr_par' dir='ltr' id='par_1_9' title="bbox 111 3575 1400 3823">
     <span class='ocr_line' id='line_1_27' title="bbox 111 3575 1400 3714; baseline -0.005 -33"><span class='ocrx_word' id='word_1_184' title='bbox 111 3681 116 3690; x_wconf 81' lang='grc'><em>,</em></span> <span class='ocrx_word' id='word_1_185' title='bbox 275 3606 304 3650; x_wconf 77' lang='grc'><strong>“</strong></span> <span class='ocrx_word' id='word_1_186' title='bbox 319 3601 367 3678; x_wconf 86' lang='lat' dir='ltr'>ad</span> <span class='ocrx_word' id='word_1_187' title='bbox 384 3602 545 3701; x_wconf 80' lang='lat' dir='ltr'>praesens,</span> <span class='ocrx_word' id='word_1_188' title='bbox 563 3601 622 3677; x_wconf 89' lang='lat' dir='ltr'>sed</span> <span class='ocrx_word' id='word_1_189' title='bbox 648 3627 779 3702; x_wconf 85' lang='lat' dir='ltr'>magna</span> <span class='ocrx_word' id='word_1_190' title='bbox 806 3601 839 3676; x_wconf 93' lang='lat' dir='ltr'>ei</span> <span class='ocrx_word' id='word_1_191' title='bbox 864 3575 1021 3700; x_wconf 72' lang='lat' dir='ltr'>premia,</span> <span class='ocrx_word' id='word_1_192' title='bbox 1059 3607 1094 3676; x_wconf 74' lang='lat' dir='ltr'>ac</span> <span class='ocrx_word' id='word_1_193' title='bbox 1122 3601 1265 3678; x_wconf 82' lang='lat' dir='ltr'>seceffus</span> <span class='ocrx_word' id='word_1_194' title='bbox 1397 3705 1400 3714; x_wconf 17' lang='lat' dir='ltr'>k</span> 
     </span>
     <span class='ocr_line' id='line_1_28' title="bbox 275 3723 1267 3823; baseline -0.004 -23"><span class='ocrx_word' id='word_1_195' title='bbox 275 3731 304 3776; x_wconf 73' lang='lat'>⁴‘</span> <span class='ocrx_word' id='word_1_196' title='bbox 320 3726 505 3804; x_wconf 78' lang='lat' dir='ltr'>atnoenos&#39;’</span> <span class='ocrx_word' id='word_1_197' title='bbox 524 3723 694 3823; x_wconf 82' lang='lat' dir='ltr'>promittit</span> <span class='ocrx_word' id='word_1_198' title='bbox 709 3751 718 3798; x_wconf 75' lang='grc' dir='ltr'>ι</span> <span class='ocrx_word' id='word_1_199' title='bbox 747 3731 774 3766; x_wconf 81' lang='lat'>‘⁴</span> <span class='ocrx_word' id='word_1_200' title='bbox 793 3725 848 3797; x_wconf 88' lang='lat' dir='ltr'>vel</span> <span class='ocrx_word' id='word_1_201' title='bbox 861 3727 884 3796; x_wconf 86' lang='lat' dir='ltr'>fi</span> <span class='ocrx_word' id='word_1_202' title='bbox 898 3723 1102 3823; x_wconf 71' lang='lat' dir='ltr'>negavisset,</span> <span class='ocrx_word' id='word_1_203' title='bbox 1119 3723 1267 3798; x_wconf 87' lang='lat' dir='ltr'>necem”</span> 
     </span>
    </p>
   </div>
   <div class='ocr_carea' id='block_1_8' title="bbox 199 3841 1264 4063">
    <p class='ocr_par' dir='ltr' id='par_1_10' title="bbox 199 3841 1264 4063">
     <span class='ocr_line' id='line_1_29' title="bbox 199 3841 1264 3950; baseline -0.008 -22"><span class='ocrx_word' id='word_1_204' title='bbox 199 3881 203 3890; x_wconf 93' lang='lat'><strong>·</strong></span> <span class='ocrx_word' id='word_1_205' title='bbox 274 3841 437 3930; x_wconf 62' lang='lat' dir='ltr'>ittttutat,vv</span> <span class='ocrx_word' id='word_1_206' title='bbox 481 3847 548 3927; x_wconf 79' lang='lat' dir='ltr'>tlte</span> <span class='ocrx_word' id='word_1_207' title='bbox 572 3845 671 3922; x_wconf 67' lang='lat' dir='ltr'>indta</span> <span class='ocrx_word' id='word_1_208' title='bbox 700 3843 880 3935; x_wconf 66' lang='lat' dir='ltr'>vecordia,</span> <span class='ocrx_word' id='word_1_209' title='bbox 915 3847 948 3934; x_wconf 75' lang='lat' dir='ltr'>de</span> <span class='ocrx_word' id='word_1_210' title='bbox 980 3842 1144 3925; x_wconf 85' lang='lat' dir='ltr'>facilitate</span> <span class='ocrx_word' id='word_1_211' title='bbox 1172 3842 1264 3950; x_wconf 67' lang='lat' dir='ltr'>prio</span> 
     </span>
     <span class='ocr_line' id='line_1_30' title="bbox 725 3966 815 4063; baseline 0 0"><span class='ocrx_word' id='word_1_212' title='bbox 725 3966 762 4047; x_wconf 83' lang='lat' dir='ltr'>N</span> <span class='ocrx_word' id='word_1_213' title='bbox 789 3991 815 4063; x_wconf 83' lang='lat'>4</span> 
     </span>
    </p>
   </div>
   <div class='ocr_carea' id='block_1_9' title="bbox 0 0 1568 4860">
    <p class='ocr_par' dir='ltr' id='par_1_11' title="bbox 0 0 1568 4860">
     <span class='ocr_line' id='line_1_31' title="bbox 0 0 1568 4860; baseline 0 0"><span class='ocrx_word' id='word_1_214' title='bbox 0 0 1568 4860; x_wconf 95' lang='lat' dir='ltr'> </span> 
     </span>
    </p>
   </div>
  </div>
 </body>
</html>
