3120 4860
319 383 387 481 196
540 379 582 452 C.
621 377 1075 458 communem
1166 389 1168 396 ’

318 558 500 645 videretur,
536 554 573 626 in
602 554 736 630 diversa
761 582 802 630 ac
827 557 999 653 deteriora
1022 555 1192 629 tranfibat.
1245 557 1298 628 Et

320 699 401 750 runc
419 674 541 749 relictis
556 675 722 768 hibernis,
751 683 779 720 “
793 705 865 752 non
879 677 1017 769 foliam,
1032 655 1146 774 neque
1162 676 1298 748 vallum

320 804 346 839 “
365 795 439 888 fibi,
462 797 519 870 sed
545 823 690 896 corpora
712 802 861 875 &arma
888 799 925 872 in
947 799 1081 872 hostem
1097 797 1201 870 data’'
1225 798 1297 870 cla-

142 937 148 950 ‘
225 985 229 988 .
319 917 458 1008 mirans,
488 918 593 991 duxit
612 919 785 1018 legiones,
819 924 913 1018 quast
938 919 1063 1018 proelio
1085 937 1293 992 certaturus:

318 1038 460 1130 deinde,
496 1039 619 1114 amisso
643 1039 846 1114 centurione
885 1046 919 1115 &
961 1039 1079 1138 paucis
1113 1039 1296 1130 militibus,

320 1185 408 1256 quos
437 1160 586 1241 visendis
608 1163 759 1238 hostium
786 1162 896 1262 copiis
937 1159 1159 1260 praemiserat,
1189 1159 1296 1260 trepi-

318 1281 385 1356 dus
408 1263 592 1358 remeavit:
637 1287 684 1358 Et
712 1285 794 1383 quia
817 1283 933 1358 mimis
961 1283 1083 1358 acriter
1110 1279 1299 1380 Vologeses

319 1403 498 1496 institerat,
527 1407 617 1480 vanal
645 1405 755 1506 rursus
785 1404 927 1493 fiducia,
951 1403 1016 1476 tria
1040 1403 1151 1477 millia
1172 1401 1299 1476 delesti

231 1561 234 1568 ⁴
317 1526 444 1624 peditis
458 1525 635 1622 proximo
658 1525 766 1600 Tauri
781 1524 871 1621 jugo
893 1521 1070 1619 imposuit,
1094 1522 1299 1618 qubtranfi-
1325 1533 1330 1544 '

316 1666 394 1718 tum
424 1646 514 1742 regis
539 1664 700 1716 arcerent.
763 1645 883 1716 Alares
908 1667 1052 1740 quoque
1078 1642 1296 1732 Pannonios,

318 1767 429 1837 robur
455 1763 641 1860 equitatlu,
666 1763 702 1834 in
727 1783 820 1860 parte
838 1762 954 1858 campi
976 1765 1079 1835 locat.
1130 1747 1299 1860 Conjunsr

316 1910 357 1958 ac
375 1883 466 1957 filius
494 1883 645 1972 castelIO,
675 1883 733 1956 cui
758 1881 975 1956 Arsamosata
997 1908 1126 1956 nomen
1143 1881 1206 1972 est,
1232 1885 1297 1956 ab·

316 1999 396 2096 diti,¹
420 2005 500 2077 datas
524 2004 561 2076 in
588 2003 786 2100 praesrdium
812 2006 968 2103 cohorte,
990 2029 1030 2077 ac
1057 2001 1204 2102 disperso
1227 2002 1298 2076 mi·
1343 2017 1348 2021 “

281 2127 284 2136 “
318 2127 394 2216 lite,
419 2125 481 2223 qui
507 2125 543 2198 in
568 2151 641 2198 uno
657 2124 807 2215 habitus,
837 2150 970 2222 vagum
992 2125 1126 2198 hostem
1150 2149 1297 2222 promp-

318 2249 386 2322 tius
416 2245 689 2321 sustentaviffet:
732 2251 766 2319 &
799 2245 890 2344 agre
922 2243 1143 2343 compulsum
1170 2244 1296 2336 serunt,

319 2389 360 2444 ut
388 2369 572 2442 instantem
594 2366 788 2440 Corbuloni
820 2366 998 2440 fateretur:
1024 2393 1087 2441 nec
1113 2395 1134 2441 a
1160 2367 1297 2440 Corbu-

319 2493 418 2591 lone¹
440 2506 679 2586 properatum,
724 2488 810 2586 quo,
854 2487 1076 2586 gliscentibus
1120 2488 1296 2584 periculiS,

318 2612 424 2686 etiam
453 2607 590 2682 subsrdii
620 2609 692 2681 laus
724 2621 917 2706 augeretur.
978 2607 1145 2704 Expediri
1178 2627 1297 2682 tamen

317 2731 434 2805 itineri
474 2729 606 2826 lingula
644 2725 755 2801 millia
783 2754 827 2800 ex
862 2726 973 2802 tribus
1005 2726 1215 2826 legionibus,
1260 2733 1296 2802 δε

318 2851 441 2926 alarios
469 2849 701 2948 odingentos,
733 2873 854 2947 parem
885 2873 1073 2924 numerum
1101 2848 1296 2923 ecohorti-

319 2976 384 3048 bus
403 2971 507 3067 jussrt.
905 2968 908 2972 ’

366 3095 432 3167 ΧΙ.
458 3097 519 3166 Ar
538 3091 921 3190 Vologeses„quamvis
946 3097 974 3134 “
993 3089 1124 3166 obsessa
1151 3118 1172 3166 a
1198 3093 1297 3166 Paeto

127 3267 131 3278 .
240 3307 243 3317 Ι
320 3213 487 3288 “itinera
507 3211 598 3285 'hinc
630 3211 801 3310 peditatu,
832 3213 915 3286 inde
937 3213 1078 3312 equite'’
1100 3212 1296 3310 accepisset,

219 3383 223 3392 .
317 3333 559 3412 nihilmutato
576 3333 731 3423 confili0,
758 3331 817 3407 sed
840 3333 876 3407 v'i
901 3359 942 3408 ac
958 3333 1073 3436 xminis
1099 3335 1206 3408 alares
1234 3359 1298 3414 ex·

317 3454 448 3546 terruit,
480 3454 689 3552 legionarios
717 3454 877 3546 obtrivit,
908 3481 981 3529 uno
1008 3456 1143 3546 tantum
1174 3471 1295 3526 centu-

315 3575 414 3648 rione
445 3575 632 3674 Tarquitio
659 3575 840 3649 Crescente
867 3576 1001 3667 turrim,
1025 3575 1062 3648 in
1086 3578 1154 3672 qua
1181 3575 1295 3669 praesr·

316 3696 416 3770 dium
445 3696 613 3795 agitabat,
647 3695 833 3772 defendere
850 3695 957 3783 auso‘;
984 3695 1143 3793 sadalqu'e
1172 3691 1295 3789 saepius

314 3818 509 3924 eruptione,
539 3824 573 3894 ὅτ
602 3821 707 3912 casis,
725 3809 787 3922 qui
805 3821 1032 3898 barbarorum
1050 3815 1190 3920 propius
1213 3812 1293 3919 sug-
