3076 4868
336 375 383 442 ¹4
437 427 440 436 ,
550 347 1119 426 GConuzrrrTncrtr

377 523 475 606 XVI.
502 525 648 598 Eouum
675 549 770 599 anno
790 525 1043 616 Cheruscorum
1069 507 1155 623 gens
1183 537 1306 624 regern

328 647 446 725 Romal
464 645 598 742 petivit,
625 645 749 718 amillts
773 671 834 743 per
850 629 1094 720 intemabella
1116 643 1306 737 nobilibus,

326 770 361 838 u
377 792 449 839 uno
471 766 608 864 reliquo
626 766 739 864 stirpis
756 767 876 866 regiae,
895 766 955 866 qui
979 767 1072 864 apud
1089 753 1229 841 Urbem
1246 763 1307 840 ha·
1400 747 1406 753 ⁸

324 889 486 978 bebatur,
509 888 651 962 nomine
674 889 815 960 Italicus.
865 889 1056 964 Paternum
1081 886 1163 961 huic
1197 907 1308 988 genua

324 1033 345 1082 e
377 1008 514 1098 Flavio,
548 1008 649 1082 fratre
677 1007 828 1084 Arminii
835 1036 846 1094 3
882 1027 992 1082 mater
1027 1033 1073 1082 ex
1101 1009 1306 1102 Catumero‚

209 1121 211 1130 ’
325 1128 483 1227 principe
498 1129 695 1220 Cattorum,
727 1149 810 1202 erat.
859 1127 935 1226 lpse
957 1119 1069 1206 formal
1092 1129 1253 1217 decorus,
1274 1132 1308 1200 &

324 1249 444 1323 armis*
464 1249 630 1350 equisque
661 1249 696 1324 in
732 1249 884 1348 patrium
912 1249 1139 1346 nostrumque
1173 1273 1309 1320 morem
1382 1337 1385 1347 Ι

323 1371 507 1445 exercitus.
557 1371 670 1470 Igitur
694 1370 821 1460 Caesar,
847 1371 992 1443 austum
1015 1368 1175 1466 pecunilt,
1208 1367 1308 1442 addi·
1340 1366 1344 1372 ’

316 1491 367 1564 tis
394 1491 626 1588 stipatoribus,
656 1492 811 1564 hortatur
837 1489 1014 1592 “gentile
1040 1489 1148 1566 decus
1176 1514 1307 1585 magno

327 1619 355 1654 “
372 1611 492 1684 animo
509 1613 686 1708 capess'ere.
736 1611 842 1684 Illum
860 1610 1014 1708 primurn
1032 1614 1159 1684 Romae
1176 1629 1306 1702 ortum,

326 1739 355 1776 “
374 1757 437 1806 nec
462 1733 633 1822 obsidem,
658 1731 717 1805 sed
740 1729 868 1821 civem,
898 1731 946 1804 ire
970 1723 1152 1808 externuni
1174 1730 1220 1804 ad
1242 1728 1329 1801 irn-'

327 1859 355 1896 “
376 1851 548 1950 perium.’'
598 1857 654 1927 Ac
673 1851 785 1950 primo
799 1839 908 1926 =laetus
924 1851 1109 1956 Germanis
1125 1831 1308 1939 adventus,

325 1991 431 2070 atque
460 1973 502 2046 eo
524 1973 650 2074 tnagis,
684 1973 780 2071 quod
809 1973 912 2050 nullis
940 1955 1116 2050 discordiis
1140 1971 1338 2058 imbutus„

325 2093 400 2192 pari
417 2094 453 2167 in
466 2121 589 2169 omnes
604 2095 719 2170 studio
736 2109 875 2194 ageret3
901 2092 1079 2184 celebrari,
1100 2092 1182 2182 coli,
1200 2091 1309 2166 modo

323 2215 525 2293 comitatem
548 2216 867 2314 &temperantiam
885 2213 972 2292 nulli
993 2210 1151 2302 invisam,
1185 2210 1309 2309 saepius

256 2379 258 2386 v
279 2411 280 2416 ,
323 2336 551 2412 vinolentiam
567 2360 607 2409 ac
627 2337 802 2424 libidines,
828 2355 924 2432 grata
945 2333 1112 2424 barbaris,
1131 2332 1309 2432 usurpans.

324 2455 475 2553 Jamque
491 2455 535 2526 ad
554 2454 748 2549 proximos,
759 2451 835 2548 jam
852 2449 1208 2550 longids'clarescere3
1227 2455 1310 2528 clam

134 2607 140 2620 ·
255 2662 258 2672 ι
324 2575 517 2674 potentiam
550 2571 621 2669 ejus
649 2571 890 2670 suspedtantes‚
916 2571 977 2668 qui
993 2567 1211 2646 'faotionibus
1240 2575 1307 2645 flo-

324 2714 474 2784 ruerant,
508 2691 690 2770 discedunt
722 2685 768 2794 ad
800 2690 1034 2766 conterminos
1068 2693 1232 2790 populos,
1267 2717 1308 2770 ac

281 2844 284 2852 ¹
325 2813 562 2905 testificantur,
602 2821 630 2858 “
656 2814 779 2892 Adimi
801 2834 955 2888 veterem
982 2811 1182 2888 Germaniae
1205 2813 1307 2888 liber-

317 2943 354 3030 '“
373 2955 494 3026 tatem,
525 2942 558 3009 ὅτ
578 2941 757 3012 Romanas
774 2963 858 3035 opes
873 2933 1072 3033 insurgere:
1092 2933 1181 3012 adeo
1197 2935 1307 3010 nerni-

327 3064 356 3100 “
371 3083 454 3128 nem
467 3050 587 3128 iisdem
604 3054 641 3128 in
657 3058 753 3130 terris
769 3067 899 3147 ortum,
920 3055 980 3154 qui
996 3055 1167 3153 Principis
1189 3057 1308 3130 locum

327 3185 355 3220 “
374 3176 539 3275 impleat:
570 3175 632 3248 nist
658 3177 885 3274 exploratoris
912 3176 1024 3254 Flavii
1047 3175 1226 3274 progenies
1252 3172 1306 3248 su«

327 3307 434 3398 “pra
476 3298 617 3369 cundos
658 3298 860 3373 attollatur?
927 3297 1065 3370 Frustra
1104 3291 1306 3370 Arminium
1390 3391 1397 3408 ,
1515 3291 1516 3300 i

328 3428 355 3462 “
375 3415 568 3516 praescribi:
600 3413 698 3514 cujus
717 3419 739 3488 fi
758 3415 858 3490 filius·
874 3416 988 3490 hostili
1005 3415 1040 3487 in
1057 3413 1129 3514 solo
1153 3411 1305 3502 adultus,

229 3529 236 3539 ’
329 3539 410 3612 “in
438 3559 589 3636 regnum
617 3535 771 3626 venisset,
803 3539 899 3634 polle
925 3531 1114 3622 extimesci,
1137 3530 1307 3605 inferitum

213 3661 218 3669 ’
328 3667 358 3702 “
376 3658 555 3749 alimonio,
585 3657 746 3747 ¹servitio,
787 3659 898 3746 cultu,
941 3651 1105 3742 omnibus
1147 3651 1309 3762 qxternis.

328 3788 356 3830 “
376 3786 448 3871 Ac,
474 3781 497 3853 fi
522 3798 669 3882 paterna
691 3777 810 3854 ltalico
837 3801 936 3854 mens
967 3775 1062 3866 ellet,
1093 3799 1165 3849 non
1197 3772 1305 3853 alium
