3126 4864
354 329 361 352 “
446 287 754 428 alaman·
784 345 899 422 ma.
923 341 1033 422 mn.
1181 367 1256 450 95,

255 523 469 625 obstringens
483 523 861 618 crebris‘orationibus3
899 547 984 622 quas
999 521 1142 610 Seneca,
1166 503 1230 592 tes-

251 648 419 722 tificando
456 647 566 744 quam
593 633 739 720 hon'esta
762 646 978 744 praciperet,
1002 643 1060 717 vel
1076 637 1232 738 jactandi

253 767 400 868 ingenii,
427 765 714 863 voce-Principis
738 769 916 866 vulgabat.

271 939 274 944 -
302 893 387 966 XII.
411 891 612 963 Caranum
629 885 773 962 infracta
789 885 967 984 paullatim
985 883 1140 982 potentia
1156 909 1232 958 ma·

253 1011 327 1101 tris,
341 1009 481 1108 delapso
498 999 643 1082 Nerone
658 1009 695 1082 in
712 1035 868 1086 amorem
884 1008 1037 1100 libertae,
1056 1005 1114 1080 cui
1127 1029 1233 1078 voca·-

238 1219 239 1231 ,
255 1131 381 1207 bulum
398 1132 481 1202 Αέῖε
496 1128 585 1203 suit:
613 1131 712 1203 srmul
728 1125 918 1227 adsumptis
940 1129 978 1202 in
994 1125 1237 1202 conscientiam

254 1241 402 1338 Othone
424 1249 633 1323 &Claudio
657 1249 859 1340 Senecione,
883 1246 1143 1353 adolescentulis
1171 1247 1234 1320 de-

153 1443 156 1454 ,
259 1370 351 1446 coris
366 1399 382 1443 :·
400 1396 549 1470 quorum
575 1373 685 1462 Otho,
711 1369 843 1444 familia
870 1369 1052 1458 consulari,
1082 1367 1237 1460 Senecio,

190 1548 193 1550 -
259 1490 383 1564 liberto
407 1489 548 1564 Caesaris
575 1510 669 1588 patre
687 1491 838 1588 genitus,
867 1490 988 1589 ignara
1009 1507 1134 1579 matre,
1155 1486 1237 1566 dein

256 1610 379 1698 frustra
411 1611 603 1702 obnitente,
632 1611 769 1709 penitus
796 1611 1005 1710 inrepserant
1029 1635 1091 1710 per
1109 1610 1237 1682 luxum

218 1781 222 1786 -
257 1737 292 1806 e
310 1717 479 1831 ambigua
492 1730 638 1807 secreta:
662 1757 707 1806 ne
722 1731 946 1824 severioribus
968 1732 1114 1830 quidem
1136 1731 1236 1804 Prin·

256 1853 343 1950 cipis
374 1852 496 1928 amicis
523 1853 797 1943 adversantibus,
822 1853 1041 1943 muliercula,
1060 1854 1157 1926 nulla
1174 1878 1236 1926 cu·

251 1971 415 2072 jusquam
454 1972 590 2071 injuria,
618 1973 802 2069 cupidines
840 1972 1012 2068 Principis
1047 1975 1236 2069 explente:
1331 2049 1337 2056 ,

202 2181 205 2188 ¹
258 2096 400 2192 quando
416 2119 528 2168 uxore
554 2096 600 2168 ab
625 2092 787 2179 ortaria,
816 2089 925 2164 nobili
944 2090 1088 2187 quidem
1105 2097 1139 2164 δι
1157 2119 1237 2189 pro-¹

257 2217 375 2290 bitatis
391 2215 566 2313 speetatae,
593 2211 666 2286 fato
689 2211 859 2308 quodam,
888 2236 932 2283 an
950 2209 1032 2307 quia
1048 2214 1238 2305 praevalent

215 2387 218 2396 ·
257 2337 407 2428 inlicita,
423 2335 658 2408 abhorrebat:
686 2334 975 2428 metuebaturque
991 2355 1036 2402 ne
1051 2329 1090 2402 in
1121 2330 1239 2427 stupra
1265 2337 1266 2341 ’

158 2498 165 2506 ·
259 2455 469 2533 seminarum
493 2453 686 2530 inlustrium
702 2471 959 2551 prorumperet,
977 2456 1000 2526 fi
1016 2453 1075 2526 illa
1095 2450 1241 2526 libidine

259 2561 510 2677 prohiberetur.
885 2579 891 2588 '
968 2653 973 2674 ,Α
1148 2655 1153 2662 ,
1228 2623 1235 2636 -

296 2702 408 2786 ,XHL
448 2702 525 2774 San
567 2697 768 2797 Agrippina
806 2696 1016 2776 “libertam
1057 2694 1237 2788 aemulam',

260 2826 435 2893 “nurum
468 2820 671 2913 ancillam,'’
711 2819 849 2917 aliaque
885 2821 1053 2892 eumdem
1087 2817 1125 2906 in
1161 2841 1238 2906 mo,-

260 2941 349 3026 dum
382 2939 595 3036 muliebriter
627 2941 786 3014 fremere.
847 2941 979 3038 Neque
1001 2938 1239 3036 paenitentiam

260 3059 340 3149 lilii,
369 3079 430 3131 aut
453 3057 640 3146 satietatem
667 3061 845 3159 opperiri:
876 3061 1078 3158 quantdque
1112 3059 1239 3134 soedio·

259 3207 298 3256 ra
341 3181 587 3276 exprobrabat,
633 3161 742 3256 acrius
790 3183 1003 3266 accendere:
1048 3181 1161 3262 donec
1190 3179 1239 3254 ¹vi

260 3300 401 3382 amoris,
421 3297 592 3392 subadus,
619 3323 760 3375 exueret
783 3301 989 3400 obsequium
1013 3301 1051 3374 in
1074 3323 1240 3393 matrem,
1292 3367 1297 3374 .

260 3421 364 3521 seque
396 3424 542 3496 Seneca
562 3422 784 3518 permitteret.
846 3427 905 3496 Ex
934 3422 1028 3520 cujus
1062 3421 1239 3496 familiari-

260 3547 325 3620 bus
351 3548 509 3616 Annaeus
533 3544 692 3638 SerenuS,
719 3544 934 3640 simulatione
959 3521 1099 3616 amoris¹
1113 3546 1238 3618 adver-

261 3666 317 3740 sirs
350 3665 511 3738 eamdem
541 3664 716 3753 libertam,
751 3665 879 3761 primas
911 3664 1136 3744 adolescentis
1176 3691 1244 3738 cu·-

262 3775 398 3894 pidinee
430 3779 620 3877 velaverat,
646 3786 909 3897 prebueratque
927 3805 1244 3896 nomem—utque·
