3076 4868
413 397 710 473 Auunttuu
740 399 853 474 Lrs.
886 399 969 474 XII.
1168 425 1213 495 m
1254 467 1264 480 .,

147 589 150 594 ·
246 575 275 616 “
289 569 558 666 documentum,
584 602 657 674 quo
682 601 833 651 uxorem
853 579 1046 676 Imperator
1079 574 1216 672 accipe·

240 699 269 737 ‘¹
288 712 348 766 ret.
398 699 449 768 At
465 696 560 770 enim
577 723 671 770 nova
693 698 793 772 nobis
814 698 850 771 in
867 697 1012 772 fratrum
1029 695 1114 770 filias
1125 707 1217 769 'con-

238 820 269 858 ⁴‘
280 812 395 914 jugia,
417 814 476 889 sed
504 817 578 890 aliis
603 817 765 917 gentibus
781 816 972 908 sollemnia,
1001 841 1115 916 neque
1140 819 1218 916 lege

241 941 271 978 “
289 935 361 1009 ulla
394 935 581 1033 prohibita.
638 941 685 1010 Et
717 937 931 1014 sobrinarum
954 937 1017 1012 diu
1044 937 1216 1036 ignorata,

242 1061 273 1098 ‘⁴
287 1075 446 1156 tempore
477 1057 598 1158 addito
637 1059 884 1155 percrebuiffe:
916 1081 1053 1134 morem¹
1079 1083 1217 1132 accom-

206 1265 210 1274 Ι
242 1183 270 1219 “
287 1178 424 1251 modari
442 1199 548 1275 prout
564 1178 759 1266 conducat;
791 1185 825 1251 ἃ
849 1178 924 1253 fore
940 1182 1007 1254 hoc
1024 1205 1166 1278 quoque
1181 1178 1219 1252 in

242 1304 270 1340 “
288 1299 356 1386 his,
382 1323 462 1394 quae
479 1323 566 1370 mox
581 1297 823 1394 usurpentur?
931 1349 934 1356 ·

292 1418 372 1489 Vll.
398 1418 526 1490 Hnuo
547 1415 687 1490 defudre
703 1419 765 1524 qui
786 1407 958 1512 certatim,
989 1425 1058 1494 “fi
1081 1425 1220 1496 cundia·

151 1593 155 1600 .
249 1542 387 1609 “retur
414 1534 541 1629 Caesar,
576 1537 613 1608 vi
650 1539 813 1612 asturus'
839 1540 1072 1632 testificantes,
1105 1519 1220 1616 enun-

132 1648 144 1672 '
241 1676 361 1756 parent
377 1655 481 1730 curia.
531 1655 774 1756 Conglobatur
797 1660 992 1758 promiscua
1014 1662 1218 1755 multitudo,

240 1779 528 1876 “populumque
554 1781 761 1854 Romanum
781 1782 906 1855 eadem
932 1784 1077 1882 rogare'f
1097 1783 1219 1858 clami·
1266 1789 1273 1798 '

238 1916 300 1972 tat.
350 1899 429 2003 Nec
446 1887 614 1974 Claudius
629 1902 719 1975 ultra
735 1901 945 1999 exspodtatm
960 1903 1111 1978 obvium
1122 1905 1219 2002 apud
1272 1877 1285 1900 i
1315 1915 1318 1920 “

215 2015 356 2093 lorum
375 2023 507 2116 praebet
530 2019 564 2094 se
588 2021 821 2119 gratmtibus3
843 2021 1070 2121 senatumque
1091 2023 1218 2123 ingres·
1267 2047 1270 2054 ·

147 2213 149 2216 .
238 2137 293 2214 sus
321 2141 547 2216 “decretum
564 2141 727 2239 postulat,
754 2166 828 2238 quo
846 2139 946 2237 justae
971 2143 1060 2216 inter
1078 2166 1220 2241 patruos
1248 2143 1251 2149 ’

241 2260 506 2360 “fratrumque
523 2259 759 2370 filiasnuptiae
778 2260 884 2334 etiam
901 2261 939 2334 in
964 2261 1141 2358 posterum
1154 2265 1220 2358 sta·⁴

79 2399 91 2418 ·
182 2465 187 2474 ι
238 2389 269 2426 “
286 2385 504 2457 tuerentur.''
567 2363 696 2480 Neque
727 2399 847 2456 tamen
872 2402 1025 2480 repertus
1057 2382 1120 2474 est,
1160 2383 1220 2458 nifi
1291 2467 1296 2474 .

239 2529 330 2578 unus
355 2503 431 2578 talis
458 2503 668 2594 matrimonii
689 2503 839 2601 cupitor,
866 2503 912 2575 T.
935 2501 1096 2576 Alledius
1114 2503 1221 2578 Seve-

236 2650 307 2716 rus,
337 2649 442 2722 eques
466 2629 665 2716 Romanus,
695 2650 802 2723 quem
828 2624 984 2722 plerique
1010 2623 1220 2722 Agrippina

239 2745 348 2843 gratia
363 2744 552 2843 impulsum
568 2745 737 2820 ferebant.
786 2743 892 2818 Versa
908 2769 952 2817 ex
968 2770 1013 2818 eo
1029 2743 1162 2838 civitas,
1183 2751 1218 2821 dt
1331 2789 1345 2818 .

139 2903 142 2908 ·
239 2867 365 2938 cundra
379 2863 519 2942 feminae
544 2867 770 2957 obediebant,
790 2891 861 2940 non
886 2891 947 2963 per
964 2863 1152 2966 lasciviam,
1179 2889 1219 2942 ut

239 2979 447 3073 Messalina
464 2981 564 3061 rebus
581 2986 755 3061 Romanis
771 2985 953 3060 inludenti.
996 2988 1218 3080 Adduttum,

241 3107 396 3200 &quast
429 3103 542 3196 virile,
575 3106 760 3180 servitium.
821 3109 942 3183 Palam
973 3107 1145 3199 severitas,
1175 3135 1219 3183 ac

240 3223 365 3322 saepius
378 3222 535 3322 superbia
549 3253 563 3310 :f
586 3226 673 3300 nihil
698 3227 797 3301 domi
814 3227 1050 3326 impudicum,
1074 3229 1136 3302 nisa
1151 3231 1217 3304 do-

240 3329 426 3419 minationi
452 3343 650 3442 expediret:
685 3348 813 3444 cupido
846 3347 919 3421 auri
952 3349 1120 3422 immensa
1143 3353 1217 3452 ob·

239 3484 374 3541 tentum
391 3468 558 3556 habebat,
588 3471 681 3565 quasi
702 3469 890 3542 subsidium
907 3495 1017 3568 regno
1034 3489 1217 3568 pararetur.

289 3589 490 3662 V111.D1n
527 3585 768 3662 uurrrnnuu
803 3590 936 3664 Silanus
971 3590 1031 3664 fibi
1064 3611 1218 3664 mortem

240 3707 430 3784 conscivit:
463 3714 532 3782 five
555 3708 597 3781 ed
625 3709 732 3806 usque
760 3707 856 3807 spem
879 3711 960 3784 vitae
982 3709 1216 3818 produxeram

240 3827 539 3929 bodelocurte,
557 3829 756 3930 augendam
773 3832 818 3905 ad
835 3829 1016 3906 invidiam.
1057 3829 1217 3918 Calvina,
