<?xml version="1.0" encoding="UTF-8"?>
<!DOCTYPE html PUBLIC "-//W3C//DTD XHTML 1.0 Transitional//EN"
    "http://www.w3.org/TR/xhtml1/DTD/xhtml1-transitional.dtd">
<html xmlns="http://www.w3.org/1999/xhtml" xml:lang="en" lang="en">
 <head>
  <title>
</title>
<meta http-equiv="Content-Type" content="text/html;charset=utf-8" />
  <meta name='ocr-system' content='tesseract 3.04.00' />
  <meta name='ocr-capabilities' content='ocr_page ocr_carea ocr_par ocr_line ocrx_word'/>
</head>
<body>
  <div class='ocr_page' id='page_1' title='image "./ccorneliitaciti03freigoog_0056.png"; bbox 0 0 3076 4868; ppageno 0'>
   <div class='ocr_carea' id='block_1_1' title="bbox 481 335 1235 514">
    <p class='ocr_par' dir='ltr' id='par_1_1' title="bbox 481 335 1235 514">
     <span class='ocr_line' id='line_1_1' title="bbox 481 335 1235 514; baseline -0.003 -49"><span class='ocrx_word' id='word_1_1' title='bbox 481 335 928 514; x_wconf 35' lang='lat' dir='ltr'>Alunn‘nruanri.</span> <span class='ocrx_word' id='word_1_2' title='bbox 955 391 1037 464; x_wconf 81' lang='lat' dir='ltr'>XII.</span> <span class='ocrx_word' id='word_1_3' title='bbox 1191 416 1235 491; x_wconf 80' lang='lat'>53</span> 
     </span>
    </p>
   </div>
   <div class='ocr_carea' id='block_1_2' title="bbox 261 556 1235 787">
    <p class='ocr_par' dir='ltr' id='par_1_2' title="bbox 261 556 1235 787">
     <span class='ocr_line' id='line_1_2' title="bbox 262 556 1235 664; baseline 0.002 -24"><span class='ocrx_word' id='word_1_4' title='bbox 262 556 410 642; x_wconf 68' lang='lat' dir='ltr'>sor‘tunae</span> <span class='ocrx_word' id='word_1_5' title='bbox 447 587 580 643; x_wconf 84' lang='lat' dir='ltr'>maeror&#39;</span> <span class='ocrx_word' id='word_1_6' title='bbox 607 569 794 642; x_wconf 76' lang='lat' dir='ltr'>adficeretr</span> <span class='ocrx_word' id='word_1_7' title='bbox 838 564 1008 640; x_wconf 84' lang='lat' dir='ltr'>desolatus</span> <span class='ocrx_word' id='word_1_8' title='bbox 1052 561 1235 664; x_wconf 82' lang='lat' dir='ltr'>paullatim</span> 
     </span>
     <span class='ocr_line' id='line_1_3' title="bbox 261 688 1235 787; baseline 0 -25"><span class='ocrx_word' id='word_1_9' title='bbox 261 691 365 765; x_wconf 86' lang='lat' dir='ltr'>etiarn</span> <span class='ocrx_word' id='word_1_10' title='bbox 381 689 560 765; x_wconf 89' lang='lat' dir='ltr'>servilibus</span> <span class='ocrx_word' id='word_1_11' title='bbox 581 688 785 779; x_wconf 88' lang='lat' dir='ltr'>ministeriis,</span> <span class='ocrx_word' id='word_1_12' title='bbox 809 688 1047 787; x_wconf 78' lang='lat' dir='ltr'>intempestiua</span> <span class='ocrx_word' id='word_1_13' title='bbox 1074 712 1235 762; x_wconf 76' lang='lat' dir='ltr'>novercae</span> 
     </span>
    </p>
   </div>
   <div class='ocr_carea' id='block_1_3' title="bbox 141 807 1232 908">
    <p class='ocr_par' dir='ltr' id='par_1_3' title="bbox 141 807 1232 908">
     <span class='ocr_line' id='line_1_4' title="bbox 141 807 1232 908; baseline 0 -26"><span class='ocrx_word' id='word_1_14' title='bbox 141 820 144 826; x_wconf 85' lang='lat'>&#39;</span> <span class='ocrx_word' id='word_1_15' title='bbox 259 811 374 884; x_wconf 89' lang='lat' dir='ltr'>officia</span> <span class='ocrx_word' id='word_1_16' title='bbox 394 811 430 884; x_wconf 93' lang='lat' dir='ltr'>in</span> <span class='ocrx_word' id='word_1_17' title='bbox 454 811 604 886; x_wconf 80' lang='lat' dir='ltr'>ludibria</span> <span class='ocrx_word' id='word_1_18' title='bbox 631 813 800 898; x_wconf 88' lang='lat' dir='ltr'>vertebat,</span> <span class='ocrx_word' id='word_1_19' title='bbox 822 810 1018 908; x_wconf 84' lang='lat' dir='ltr'>intelligens</span> <span class='ocrx_word' id='word_1_20' title='bbox 1041 807 1123 882; x_wconf 77' lang='lat' dir='ltr'>salsi.</span> <span class='ocrx_word' id='word_1_21' title='bbox 1158 811 1232 882; x_wconf 89' lang='lat' dir='ltr'>Ne-</span> 
     </span>
    </p>
   </div>
   <div class='ocr_carea' id='block_1_4' title="bbox 157 929 1308 3913">
    <p class='ocr_par' dir='ltr' id='par_1_4' title="bbox 260 929 1308 1268">
     <span class='ocr_line' id='line_1_5' title="bbox 261 929 1308 1030; baseline 0.002 -26"><span class='ocrx_word' id='word_1_22' title='bbox 261 956 331 1027; x_wconf 87' lang='lat' dir='ltr'>que</span> <span class='ocrx_word' id='word_1_23' title='bbox 348 931 441 1006; x_wconf 87' lang='lat' dir='ltr'>enim</span> <span class='ocrx_word' id='word_1_24' title='bbox 460 930 602 1030; x_wconf 81' lang='lat' dir='ltr'>segnem</span> <span class='ocrx_word' id='word_1_25' title='bbox 631 931 662 1003; x_wconf 88' lang='lat' dir='ltr'>ei</span> <span class='ocrx_word' id='word_1_26' title='bbox 690 929 789 1003; x_wconf 73' lang='lat' dir='ltr'>fuisse</span> <span class='ocrx_word' id='word_1_27' title='bbox 817 931 973 1004; x_wconf 87' lang='lat' dir='ltr'><strong>indolem</strong></span> <span class='ocrx_word' id='word_1_28' title='bbox 1000 931 1136 1004; x_wconf 89' lang='lat' dir='ltr'>serunt:</span> <span class='ocrx_word' id='word_1_29' title='bbox 1166 934 1234 1006; x_wconf 85' lang='lat' dir='ltr'>five</span> <span class='ocrx_word' id='word_1_30' title='bbox 1306 1015 1308 1023; x_wconf 22' lang='lat' dir='ltr'><em>s</em></span> 
     </span>
     <span class='ocr_line' id='line_1_6' title="bbox 262 1049 1232 1148; baseline 0.001 -24"><span class='ocrx_word' id='word_1_31' title='bbox 262 1067 411 1139; x_wconf 80' lang='lat' dir='ltr'>verum3</span> <span class='ocrx_word' id='word_1_32' title='bbox 447 1049 505 1125; x_wconf 88' lang='lat' dir='ltr'>seu</span> <span class='ocrx_word' id='word_1_33' title='bbox 538 1050 698 1148; x_wconf 90' lang='lat' dir='ltr'>periculis</span> <span class='ocrx_word' id='word_1_34' title='bbox 714 1052 989 1143; x_wconf 83' lang='lat' dir='ltr'>commendatus,</span> <span class='ocrx_word' id='word_1_35' title='bbox 1015 1050 1154 1128; x_wconf 82' lang='lat' dir='ltr'>retinuit</span> <span class='ocrx_word' id='word_1_36' title='bbox 1182 1051 1232 1125; x_wconf 53' lang='lat' dir='ltr'>fau</span> 
     </span>
     <span class='ocr_line' id='line_1_7' title="bbox 260 1171 731 1268; baseline -0.004 -24"><span class='ocrx_word' id='word_1_37' title='bbox 260 1191 359 1244; x_wconf 81' lang='lat' dir='ltr'>rnam</span> <span class='ocrx_word' id='word_1_38' title='bbox 383 1176 453 1245; x_wconf 86' lang='lat' dir='ltr'>fine</span> <span class='ocrx_word' id='word_1_39' title='bbox 477 1171 731 1268; x_wconf 84' lang='lat' dir='ltr'>experimento.</span> 
     </span>
    </p>

    <p class='ocr_par' dir='ltr' id='par_1_5' title="bbox 240 1269 1236 1748">
     <span class='ocr_line' id='line_1_8' title="bbox 240 1269 1234 1388; baseline 0.001 -24"><span class='ocrx_word' id='word_1_40' title='bbox 240 1269 244 1280; x_wconf 25' lang='grc' dir='ltr'><strong>ι</strong></span> <span class='ocrx_word' id='word_1_41' title='bbox 309 1293 465 1366; x_wconf 87' lang='lat' dir='ltr'>XXVII.</span> <span class='ocrx_word' id='word_1_42' title='bbox 490 1292 566 1362; x_wconf 80' lang='lat' dir='ltr'>Seu</span> <span class='ocrx_word' id='word_1_43' title='bbox 586 1291 793 1388; x_wconf 78' lang='lat' dir='ltr'>Agrippina,</span> <span class='ocrx_word' id='word_1_44' title='bbox 828 1291 901 1388; x_wconf 74' lang='lat' dir='ltr'>quo</span> <span class='ocrx_word' id='word_1_45' title='bbox 927 1290 1000 1363; x_wconf 85' lang='lat' dir='ltr'>vim</span> <span class='ocrx_word' id='word_1_46' title='bbox 1027 1291 1121 1364; x_wconf 88' lang='lat' dir='ltr'>suarn</span> <span class='ocrx_word' id='word_1_47' title='bbox 1137 1293 1234 1366; x_wconf 88' lang='lat' dir='ltr'>sociis</span> 
     </span>
     <span class='ocr_line' id='line_1_9' title="bbox 257 1394 1234 1508; baseline 0.002 -26"><span class='ocrx_word' id='word_1_48' title='bbox 257 1394 410 1508; x_wconf 57' lang='lat' dir='ltr'>³quoque</span> <span class='ocrx_word' id='word_1_49' title='bbox 427 1407 623 1484; x_wconf 85' lang='lat' dir='ltr'>nationibus</span> <span class='ocrx_word' id='word_1_50' title='bbox 639 1410 837 1500; x_wconf 83' lang='lat' dir='ltr'>ostentaret,</span> <span class='ocrx_word' id='word_1_51' title='bbox 869 1409 907 1482; x_wconf 90' lang='lat' dir='ltr'>in</span> <span class='ocrx_word' id='word_1_52' title='bbox 933 1408 1103 1506; x_wconf 91' lang='lat' dir='ltr'>oppidum</span> <span class='ocrx_word' id='word_1_53' title='bbox 1120 1412 1234 1484; x_wconf 88' lang='lat' dir='ltr'>Ubio-</span> 
     </span>
     <span class='ocr_line' id='line_1_10' title="bbox 260 1524 1235 1628; baseline 0 -24"><span class='ocrx_word' id='word_1_54' title='bbox 260 1551 363 1621; x_wconf 79' lang='lat' dir='ltr'>rum,</span> <span class='ocrx_word' id='word_1_55' title='bbox 388 1531 424 1604; x_wconf 88' lang='lat' dir='ltr'>in</span> <span class='ocrx_word' id='word_1_56' title='bbox 454 1557 525 1628; x_wconf 89' lang='lat' dir='ltr'>quo</span> <span class='ocrx_word' id='word_1_57' title='bbox 542 1524 656 1628; x_wconf 85' lang='lat' dir='ltr'>genita</span> <span class='ocrx_word' id='word_1_58' title='bbox 673 1549 757 1620; x_wconf 83' lang='lat' dir='ltr'>erat,</span> <span class='ocrx_word' id='word_1_59' title='bbox 788 1549 967 1603; x_wconf 86' lang='lat' dir='ltr'>veteranos</span> <span class='ocrx_word' id='word_1_60' title='bbox 991 1525 1235 1628; x_wconf 83' lang='lat' dir='ltr'>coloniamque</span> 
     </span>
     <span class='ocr_line' id='line_1_11' title="bbox 258 1649 1236 1748; baseline 0 -24"><span class='ocrx_word' id='word_1_61' title='bbox 258 1651 385 1724; x_wconf 89' lang='lat' dir='ltr'>deduci</span> <span class='ocrx_word' id='word_1_62' title='bbox 400 1651 580 1748; x_wconf 85' lang='lat' dir='ltr'>impetrat;</span> <span class='ocrx_word' id='word_1_63' title='bbox 608 1651 665 1724; x_wconf 87' lang='lat' dir='ltr'>cui</span> <span class='ocrx_word' id='word_1_64' title='bbox 680 1671 810 1724; x_wconf 88' lang='lat' dir='ltr'>nornen</span> <span class='ocrx_word' id='word_1_65' title='bbox 825 1649 978 1724; x_wconf 88' lang='lat' dir='ltr'>inditum</span> <span class='ocrx_word' id='word_1_66' title='bbox 997 1673 1042 1722; x_wconf 88' lang='lat' dir='ltr'>ex</span> <span class='ocrx_word' id='word_1_67' title='bbox 1060 1652 1236 1725; x_wconf 87' lang='lat' dir='ltr'>vocabulo</span> 
     </span>
    </p>

    <p class='ocr_par' dir='ltr' id='par_1_6' title="bbox 178 1759 1232 1870">
     <span class='ocr_line' id='line_1_12' title="bbox 178 1759 1232 1870; baseline 0.001 -26"><span class='ocrx_word' id='word_1_68' title='bbox 178 1759 181 1770; x_wconf 80' lang='grc'>’</span> <span class='ocrx_word' id='word_1_69' title='bbox 257 1773 370 1869; x_wconf 84' lang='lat' dir='ltr'>ipsrus.</span> <span class='ocrx_word' id='word_1_70' title='bbox 435 1776 491 1845; x_wconf 85' lang='lat' dir='ltr'>Ac</span> <span class='ocrx_word' id='word_1_71' title='bbox 526 1769 615 1846; x_wconf 71' lang='lat' dir='ltr'>sorte</span> <span class='ocrx_word' id='word_1_72' title='bbox 648 1771 839 1863; x_wconf 81' lang='lat' dir='ltr'>acciderat,</span> <span class='ocrx_word' id='word_1_73' title='bbox 873 1791 913 1844; x_wconf 91' lang='lat' dir='ltr'>ut</span> <span class='ocrx_word' id='word_1_74' title='bbox 956 1795 1034 1844; x_wconf 86' lang='lat' dir='ltr'>eam</span> <span class='ocrx_word' id='word_1_75' title='bbox 1076 1791 1232 1870; x_wconf 85' lang='lat' dir='ltr'>gentem,</span> 
     </span>
    </p>

    <p class='ocr_par' dir='ltr' id='par_1_7' title="bbox 257 1891 1233 1991">
     <span class='ocr_line' id='line_1_13' title="bbox 257 1891 1233 1991; baseline 0 -25"><span class='ocrx_word' id='word_1_76' title='bbox 257 1895 401 1966; x_wconf 57' lang='lat' dir='ltr'>Rheno)</span> <span class='ocrx_word' id='word_1_77' title='bbox 421 1891 671 1991; x_wconf 70' lang='lat' dir='ltr'>transgressam,</span> <span class='ocrx_word' id='word_1_78' title='bbox 715 1919 800 1966; x_wconf 85' lang='lat' dir='ltr'>avus</span> <span class='ocrx_word' id='word_1_79' title='bbox 842 1891 1004 1989; x_wconf 84' lang='lat' dir='ltr'>Agrippa</span> <span class='ocrx_word' id='word_1_80' title='bbox 1044 1891 1081 1964; x_wconf 92' lang='lat' dir='ltr'>in</span> <span class='ocrx_word' id='word_1_81' title='bbox 1124 1895 1233 1966; x_wconf 88' lang='lat' dir='ltr'>fidem</span> 
     </span>
    </p>

    <p class='ocr_par' dir='ltr' id='par_1_8' title="bbox 158 1997 1232 2116">
     <span class='ocr_line' id='line_1_14' title="bbox 158 1997 1232 2116; baseline 0 -30"><span class='ocrx_word' id='word_1_82' title='bbox 158 2107 162 2116; x_wconf 29' lang='grc'><strong><em>1</em></strong></span> <span class='ocrx_word' id='word_1_83' title='bbox 257 2013 438 2110; x_wconf 83' lang='lat' dir='ltr'>acciperet.</span> <span class='ocrx_word' id='word_1_84' title='bbox 488 2013 615 2086; x_wconf 90' lang='lat' dir='ltr'>Iisdem</span> <span class='ocrx_word' id='word_1_85' title='bbox 631 2005 850 2108; x_wconf 85' lang='lat' dir='ltr'>temporibus</span> <span class='ocrx_word' id='word_1_86' title='bbox 865 1997 915 2081; x_wconf 44' lang='lat' dir='ltr'>&#39;in</span> <span class='ocrx_word' id='word_1_87' title='bbox 945 2010 1116 2106; x_wconf 84' lang='lat' dir='ltr'>superiore</span> <span class='ocrx_word' id='word_1_88' title='bbox 1144 2015 1232 2086; x_wconf 85' lang='lat' dir='ltr'>Ger·</span> 
     </span>
    </p>

    <p class='ocr_par' dir='ltr' id='par_1_9' title="bbox 255 2133 1233 2354">
     <span class='ocr_line' id='line_1_15' title="bbox 255 2133 1233 2232; baseline -0.001 -24"><span class='ocrx_word' id='word_1_89' title='bbox 255 2133 371 2209; x_wconf 71' lang='lat' dir='ltr'>manili</span> <span class='ocrx_word' id='word_1_90' title='bbox 386 2135 611 2232; x_wconf 81' lang='lat' dir='ltr'>trepidaturn,</span> <span class='ocrx_word' id='word_1_91' title='bbox 626 2133 794 2204; x_wconf 74' lang='lat' dir='ltr'>&#39;adventu</span> <span class='ocrx_word' id='word_1_92' title='bbox 811 2133 1019 2220; x_wconf 55' lang='lat' dir='ltr'>sartorum,</span> <span class='ocrx_word' id='word_1_93' title='bbox 1054 2133 1233 2207; x_wconf 85' lang='lat' dir='ltr'>latrocinia</span> 
     </span>
     <span class='ocr_line' id='line_1_16' title="bbox 257 2251 1232 2354; baseline -0.006 -24"><span class='ocrx_word' id='word_1_94' title='bbox 257 2255 480 2354; x_wconf 77' lang='lat' dir='ltr'>agitantium.</span> <span class='ocrx_word' id='word_1_95' title='bbox 553 2251 694 2326; x_wconf 87' lang='lat' dir='ltr'>Deinde</span> <span class='ocrx_word' id='word_1_96' title='bbox 732 2254 779 2324; x_wconf 90' lang='lat' dir='ltr'>L.</span> <span class='ocrx_word' id='word_1_97' title='bbox 812 2251 1044 2350; x_wconf 92' lang='lat' dir='ltr'>Pomponius,</span> <span class='ocrx_word' id='word_1_98' title='bbox 1083 2252 1232 2348; x_wconf 87' lang='lat' dir='ltr'>legatus,</span> 
     </span>
    </p>

    <p class='ocr_par' dir='ltr' id='par_1_10' title="bbox 256 2369 1234 2588">
     <span class='ocr_line' id='line_1_17' title="bbox 256 2369 1232 2472; baseline -0.006 -22"><span class='ocrx_word' id='word_1_99' title='bbox 256 2377 439 2450; x_wconf 81' lang='lat' dir='ltr'>auxiliares</span> <span class='ocrx_word' id='word_1_100' title='bbox 458 2373 654 2472; x_wconf 80' lang='lat' dir='ltr'>Vangionas</span> <span class='ocrx_word' id='word_1_101' title='bbox 683 2393 724 2446; x_wconf 81' lang='lat' dir='ltr'>&#39;ac</span> <span class='ocrx_word' id='word_1_102' title='bbox 750 2373 932 2461; x_wconf 79' lang='lat' dir='ltr'>Nemetas,</span> <span class='ocrx_word' id='word_1_103' title='bbox 968 2369 1090 2443; x_wconf 85' lang='lat' dir='ltr'>addito</span> <span class='ocrx_word' id='word_1_104' title='bbox 1116 2371 1232 2469; x_wconf 86' lang='lat' dir='ltr'>equite</span> 
     </span>
     <span class='ocr_line' id='line_1_18' title="bbox 257 2491 1234 2588; baseline -0.003 -19"><span class='ocrx_word' id='word_1_105' title='bbox 257 2496 377 2586; x_wconf 81' lang='lat' dir='ltr'>alario,</span> <span class='ocrx_word' id='word_1_106' title='bbox 410 2495 558 2585; x_wconf 90' lang='lat' dir='ltr'>monuit,</span> <span class='ocrx_word' id='word_1_107' title='bbox 596 2501 675 2566; x_wconf 90' lang='lat' dir='ltr'>“ut</span> <span class='ocrx_word' id='word_1_108' title='bbox 698 2491 868 2566; x_wconf 87' lang='lat' dir='ltr'>anteirent</span> <span class='ocrx_word' id='word_1_109' title='bbox 906 2491 1142 2588; x_wconf 88' lang='lat' dir='ltr'>populatores,</span> <span class='ocrx_word' id='word_1_110' title='bbox 1177 2494 1234 2566; x_wconf 91' lang='lat' dir='ltr'>vel</span> 
     </span>
    </p>

    <p class='ocr_par' dir='ltr' id='par_1_11' title="bbox 258 2612 1233 2714">
     <span class='ocr_line' id='line_1_19' title="bbox 258 2612 1233 2714; baseline -0.001 -26"><span class='ocrx_word' id='word_1_111' title='bbox 258 2622 286 2658; x_wconf 91' lang='lat'><strong>“</strong></span> <span class='ocrx_word' id='word_1_112' title='bbox 311 2615 448 2714; x_wconf 83' lang='lat' dir='ltr'>dilapsrs</span> <span class='ocrx_word' id='word_1_113' title='bbox 497 2613 675 2714; x_wconf 89' lang='lat' dir='ltr'>improvifi</span> <span class='ocrx_word' id='word_1_114' title='bbox 724 2612 1119 2687; x_wconf 85' lang='lat' dir='ltr'>circumfunderentur.’&#39;</span> <span class='ocrx_word' id='word_1_115' title='bbox 1185 2616 1233 2688; x_wconf 86' lang='lat' dir='ltr'>Et</span> 
     </span>
    </p>

    <p class='ocr_par' dir='ltr' id='par_1_12' title="bbox 255 2726 1232 2956">
     <span class='ocr_line' id='line_1_20' title="bbox 255 2726 1232 2823; baseline 0 -15"><span class='ocrx_word' id='word_1_116' title='bbox 255 2735 370 2810; x_wconf 83' lang='lat' dir='ltr'>secuta</span> <span class='ocrx_word' id='word_1_117' title='bbox 397 2737 576 2810; x_wconf 87' lang='lat' dir='ltr'>confilium</span> <span class='ocrx_word' id='word_1_118' title='bbox 602 2736 700 2809; x_wconf 92' lang='lat' dir='ltr'>ducis</span> <span class='ocrx_word' id='word_1_119' title='bbox 726 2733 892 2806; x_wconf 87' lang='lat' dir='ltr'>industria</span> <span class='ocrx_word' id='word_1_120' title='bbox 922 2726 1088 2823; x_wconf 87' lang='lat' dir='ltr'>militurn,</span> <span class='ocrx_word' id='word_1_121' title='bbox 1117 2733 1232 2810; x_wconf 77' lang='lat' dir='ltr'>divisi·</span> 
     </span>
     <span class='ocr_line' id='line_1_21' title="bbox 258 2853 1230 2956; baseline 0 -28"><span class='ocrx_word' id='word_1_122' title='bbox 258 2857 379 2954; x_wconf 86' lang='lat' dir='ltr'>quein</span> <span class='ocrx_word' id='word_1_123' title='bbox 395 2857 466 2930; x_wconf 91' lang='lat' dir='ltr'>duo</span> <span class='ocrx_word' id='word_1_124' title='bbox 499 2857 654 2956; x_wconf 85' lang='lat' dir='ltr'>agmina,</span> <span class='ocrx_word' id='word_1_125' title='bbox 687 2855 748 2953; x_wconf 89' lang='lat' dir='ltr'>qui</span> <span class='ocrx_word' id='word_1_126' title='bbox 777 2857 906 2928; x_wconf 84' lang='lat' dir='ltr'>laevum</span> <span class='ocrx_word' id='word_1_127' title='bbox 934 2853 998 2947; x_wconf 84' lang='lat' dir='ltr'>iter</span> <span class='ocrx_word' id='word_1_128' title='bbox 1027 2854 1230 2951; x_wconf 87' lang='lat' dir='ltr'>petiverant,</span> 
     </span>
    </p>

    <p class='ocr_par' dir='ltr' id='par_1_13' title="bbox 157 2969 1232 3074">
     <span class='ocr_line' id='line_1_22' title="bbox 157 2969 1232 3074; baseline -0.002 -25"><span class='ocrx_word' id='word_1_129' title='bbox 157 2975 159 2980; x_wconf 69' lang='grc'>’</span> <span class='ocrx_word' id='word_1_130' title='bbox 259 2969 389 3049; x_wconf 73' lang='lat' dir='ltr'>recens</span> <span class='ocrx_word' id='word_1_131' title='bbox 410 2978 573 3068; x_wconf 81' lang='lat' dir='ltr'>reversos,</span> <span class='ocrx_word' id='word_1_132' title='bbox 611 2979 797 3074; x_wconf 64' lang='lat' dir='ltr'>praedaque</span> <span class='ocrx_word' id='word_1_133' title='bbox 835 2997 896 3073; x_wconf 91' lang='lat' dir='ltr'>per</span> <span class='ocrx_word' id='word_1_134' title='bbox 923 2977 1048 3049; x_wconf 87' lang='lat' dir='ltr'>luxum</span> <span class='ocrx_word' id='word_1_135' title='bbox 1076 2974 1167 3068; x_wconf 93' lang='lat' dir='ltr'>usos,</span> <span class='ocrx_word' id='word_1_136' title='bbox 1197 2977 1232 3047; x_wconf 84' lang='lat'>&amp;</span> 
     </span>
    </p>

    <p class='ocr_par' dir='ltr' id='par_1_14' title="bbox 257 3095 1232 3194">
     <span class='ocr_line' id='line_1_23' title="bbox 257 3095 1232 3194; baseline -0.001 -26"><span class='ocrx_word' id='word_1_137' title='bbox 257 3095 381 3170; x_wconf 90' lang='lat' dir='ltr'>somno</span> <span class='ocrx_word' id='word_1_138' title='bbox 399 3115 517 3194; x_wconf 84' lang='lat' dir='ltr'>graves</span> <span class='ocrx_word' id='word_1_139' title='bbox 534 3096 801 3170; x_wconf 68' lang='lat' dir='ltr'>circumvenere.</span> <span class='ocrx_word' id='word_1_140' title='bbox 852 3099 967 3170; x_wconf 70' lang='lat' dir='ltr'>Ausla</span> <span class='ocrx_word' id='word_1_141' title='bbox 984 3095 1114 3186; x_wconf 86' lang='lat' dir='ltr'>laetitia,</span> <span class='ocrx_word' id='word_1_142' title='bbox 1134 3095 1232 3194; x_wconf 76' lang='lat' dir='ltr'>quod</span> 
     </span>
    </p>

    <p class='ocr_par' dir='ltr' id='par_1_15' title="bbox 258 3199 1232 3425">
     <span class='ocr_line' id='line_1_24' title="bbox 258 3207 1232 3314; baseline -0.002 -24"><span class='ocrx_word' id='word_1_143' title='bbox 258 3214 427 3314; x_wconf 87' lang='lat' dir='ltr'>quosdam</span> <span class='ocrx_word' id='word_1_144' title='bbox 454 3241 473 3288; x_wconf 89' lang='lat' dir='ltr'>e</span> <span class='ocrx_word' id='word_1_145' title='bbox 504 3217 600 3289; x_wconf 90' lang='lat' dir='ltr'>clade</span> <span class='ocrx_word' id='word_1_146' title='bbox 623 3207 785 3307; x_wconf 65' lang='lat' dir='ltr'>Variani,</span> <span class='ocrx_word' id='word_1_147' title='bbox 828 3215 905 3313; x_wconf 87' lang='lat' dir='ltr'>post</span> <span class='ocrx_word' id='word_1_148' title='bbox 930 3218 1232 3314; x_wconf 82' lang='lat' dir='ltr'>quadragesimum</span> 
     </span>
     <span class='ocr_line' id='line_1_25' title="bbox 258 3334 800 3425; baseline -0.002 -15"><span class='ocrx_word' id='word_1_149' title='bbox 258 3363 403 3425; x_wconf 85' lang='lat' dir='ltr'>annum,</span> <span class='ocrx_word' id='word_1_150' title='bbox 427 3334 563 3408; x_wconf 71' lang='lat' dir='ltr'>&#39;servitio</span> <span class='ocrx_word' id='word_1_151' title='bbox 589 3353 800 3410; x_wconf 74' lang='lat' dir='ltr'>exemerunt.</span> 
     </span>
    </p>

    <p class='ocr_par' dir='ltr' id='par_1_16' title="bbox 258 3457 1234 3913">
     <span class='ocr_line' id='line_1_26' title="bbox 305 3457 1234 3556; baseline 0 -26"><span class='ocrx_word' id='word_1_152' title='bbox 305 3457 478 3530; x_wconf 89' lang='lat' dir='ltr'>XXVIII.</span> <span class='ocrx_word' id='word_1_153' title='bbox 505 3460 565 3528; x_wconf 84' lang='lat' dir='ltr'>Ar</span> <span class='ocrx_word' id='word_1_154' title='bbox 597 3479 668 3543; x_wconf 71' lang='lat' dir='ltr'>our</span> <span class='ocrx_word' id='word_1_155' title='bbox 698 3459 829 3531; x_wconf 85' lang='lat' dir='ltr'>dextris</span> <span class='ocrx_word' id='word_1_156' title='bbox 846 3463 880 3532; x_wconf 85' lang='lat'>&amp;</span> <span class='ocrx_word' id='word_1_157' title='bbox 899 3457 1118 3556; x_wconf 86' lang='lat' dir='ltr'>propioribus</span> <span class='ocrx_word' id='word_1_158' title='bbox 1135 3479 1234 3531; x_wconf 86' lang='lat' dir='ltr'>com-</span> 
     </span>
     <span class='ocr_line' id='line_1_27' title="bbox 259 3576 1234 3676; baseline 0 -26"><span class='ocrx_word' id='word_1_159' title='bbox 259 3576 393 3675; x_wconf 84' lang='lat' dir='ltr'>pendiis</span> <span class='ocrx_word' id='word_1_160' title='bbox 418 3577 552 3666; x_wconf 80' lang='lat' dir='ltr'>ierant„</span> <span class='ocrx_word' id='word_1_161' title='bbox 575 3576 681 3650; x_wconf 92' lang='lat' dir='ltr'>obvio</span> <span class='ocrx_word' id='word_1_162' title='bbox 705 3579 792 3651; x_wconf 89' lang='lat' dir='ltr'>hosti</span> <span class='ocrx_word' id='word_1_163' title='bbox 822 3583 855 3652; x_wconf 71' lang='lat' dir='ltr'>rr</span> <span class='ocrx_word' id='word_1_164' title='bbox 882 3579 994 3652; x_wconf 87' lang='lat' dir='ltr'>aciem</span> <span class='ocrx_word' id='word_1_165' title='bbox 1019 3577 1114 3667; x_wconf 90' lang='lat' dir='ltr'>auso,</span> <span class='ocrx_word' id='word_1_166' title='bbox 1155 3581 1234 3676; x_wconf 78' lang='lat' dir='ltr'>plus</span> 
     </span>
     <span class='ocr_line' id='line_1_28' title="bbox 258 3696 1233 3796; baseline 0 -27"><span class='ocrx_word' id='word_1_167' title='bbox 258 3696 366 3769; x_wconf 85' lang='lat' dir='ltr'>cladis</span> <span class='ocrx_word' id='word_1_168' title='bbox 381 3696 533 3770; x_wconf 41' lang='lat' dir='ltr'>*faciunt</span> <span class='ocrx_word' id='word_1_169' title='bbox 602 3699 649 3770; x_wconf 87' lang='lat' dir='ltr'>Et</span> <span class='ocrx_word' id='word_1_170' title='bbox 682 3701 800 3795; x_wconf 76' lang='lat' dir='ltr'>praeda</span> <span class='ocrx_word' id='word_1_171' title='bbox 833 3697 996 3796; x_wconf 58' lang='lat' dir='ltr'>samsque</span> <span class='ocrx_word' id='word_1_172' title='bbox 1014 3703 1016 3717; x_wconf 89' lang='grc'><strong>’</strong></span> <span class='ocrx_word' id='word_1_173' title='bbox 1034 3698 1159 3786; x_wconf 87' lang='lat' dir='ltr'>onusti,</span> <span class='ocrx_word' id='word_1_174' title='bbox 1188 3699 1233 3770; x_wconf 89' lang='lat' dir='ltr'>ad</span> 
     </span>
     <span class='ocr_line' id='line_1_29' title="bbox 258 3815 1234 3913; baseline -0.005 -21"><span class='ocrx_word' id='word_1_175' title='bbox 258 3835 415 3892; x_wconf 89' lang='lat' dir='ltr'>montem</span> <span class='ocrx_word' id='word_1_176' title='bbox 444 3819 611 3894; x_wconf 86' lang='lat' dir='ltr'>Taunum</span> <span class='ocrx_word' id='word_1_177' title='bbox 654 3837 884 3910; x_wconf 81' lang='lat' dir='ltr'>revertuntur,</span> <span class='ocrx_word' id='word_1_178' title='bbox 925 3819 986 3892; x_wconf 91' lang='lat' dir='ltr'>ubi</span> <span class='ocrx_word' id='word_1_179' title='bbox 1017 3815 1234 3913; x_wconf 88' lang='lat' dir='ltr'>Pomponius</span> 
     </span>
    </p>
   </div>
   <div class='ocr_carea' id='block_1_5' title="bbox 721 3939 798 4034">
    <p class='ocr_par' dir='ltr' id='par_1_17' title="bbox 721 3939 798 4034">
     <span class='ocr_line' id='line_1_30' title="bbox 721 3939 798 4034; baseline 0 0"><span class='ocrx_word' id='word_1_180' title='bbox 721 3939 798 4034; x_wconf 79' lang='lat' dir='ltr'>Ea</span> 
     </span>
    </p>
   </div>
   <div class='ocr_carea' id='block_1_6' title="bbox 0 0 1542 4868">
    <p class='ocr_par' dir='ltr' id='par_1_18' title="bbox 0 0 1542 4868">
     <span class='ocr_line' id='line_1_31' title="bbox 0 0 1542 4868; baseline 0 0"><span class='ocrx_word' id='word_1_181' title='bbox 0 0 1542 4868; x_wconf 95' lang='lat' dir='ltr'> </span> 
     </span>
    </p>
   </div>
  </div>
 </body>
</html>
