3126 4864
446 433 510 529 176
626 427 667 496 C.
708 425 972 495 Connnrrr
1011 421 1214 504 Tncrrr

441 599 697 669 “innumeram
728 594 911 691 pecuniam
945 595 1214 685 circumdedisti,
1249 592 1337 670 adeo
1363 607 1404 668 ut

436 723 464 764 ὅ(
477 714 686 812 plerumque¹
695 714 783 788 intra
800 741 857 788 me
878 713 947 812 ipse
958 717 1123 788 volvam:
1145 719 1267 812 Egone
1283 712 1405 812 eques-

435 832 521 904 “tri
546 837 580 906 &
610 833 814 930 provinciali
839 838 918 909 loco
950 854 1055 931 ortus,
1086 835 1285 932 proceribus
1318 833 1404 908 civi·

432 959 463 998 “¹
476 952 552 1026 tatis
577 955 806 1032 adnumeror?
858 959 952 1029 Inter
975 955 1123 1045 nobiles,
1150 961 1183 1028 ac
1209 956 1314 1052 longa
1340 955 1403 1028 de-

432 1077 459 1114 “
479 1097 561 1145 cora
578 1072 824 1172 preferentes,
835 1077 971 1150 novitas
995 1101 1071 1149 mea
1088 1074 1230 1150 enituit?
1265 1073 1339 1148 Ubi
1357 1073 1416 1156 est*

430 1193 612 1268 “animus
640 1195 699 1268 itte
733 1196 879 1268 modicis
904 1198 1105 1270 contentus?
1158 1197 1260 1268 Tales
1285 1195 1403 1270 hortos

429 1317 458 1352 “
477 1311 625 1407 instruit,
646 1322 679 1390 ὅ(
699 1342 760 1414 per
777 1319 851 1390 haec
873 1315 1066 1390 suburbana
1081 1313 1227 1405 incedit,
1248 1313 1405 1417 &stantis

432 1439 460 1475 “
480 1461 646 1537 agrorum
659 1436 787 1535 spatiis,
800 1457 869 1510 tam
888 1437 957 1508 lato
970 1435 1090 1508 fenore
1105 1437 1295 1509 exuberat?
1320 1435 1407 1506 Una

434 1563 464 1600 “
483 1555 634 1656 defensio
664 1555 825 1642 occurrit,
854 1553 948 1648 quod
975 1553 1178 1626 muneribus
1208 1554 1273 1628 tuis
1297 1551 1407 1629 obniti.
1464 1560 1471 1568 '

433 1683 461 1740 t‘.
479 1700 551 1746 non
568 1673 686 1746 debui.

437 1837 442 1844 ·
478 1794 576 1864 LIV.
603 1797 631 1832 “
648 1792 723 1860 Sto
743 1813 929 1874 uramara
948 1789 1142 1862 mensuram
1160 1789 1404 1887 implevimus,

431 1914 459 1956 “
478 1913 511 1980 δι
532 1925 584 1996 tu,
604 1926 775 2006 quantum
793 1907 960 2006 Princeps
983 1908 1134 2008 tribuere
1150 1904 1263 1984 amieo
1279 1912 1405 2006 posset,

394 2077 400 2088 ·
430 2029 508 2099 “&
534 2051 627 2126 ego,
645 2048 817 2126 quantum
840 2027 970 2102 amicus
999 2055 1020 2102 a
1046 2029 1209 2126 Principe
1232 2029 1403 2125 accipere.

430 2153 458 2212 ‘f
475 2149 599 2223 Cetera
623 2148 791 2223 invidiam
816 2167 965 2248 augent:
991 2149 1244 2248 quequidem,
1269 2169 1403 2224 utoni·
1476 2215 1479 2228 .

432 2276 461 2316 “
480 2270 538 2344 nia
553 2272 722 2360 mortalia,
749 2269 836 2345 infra
857 2289 954 2343 tuam
970 2268 1247 2368 magnitudinem
1264 2265 1405 2366 jacent3

433 2398 460 2435 ‘⁸
478 2392 537 2465 sed
562 2391 647 2466 mihi
676 2390 909 2463 incumbunt:
937 2389 1023 2462 mihi
1046 2389 1321 2480 subveniendum
1342 2387 1404 2464 est..

433 2520 461 2556 “
479 2510 683 2609 Qro'rnodo
706 2507 741 2579 in
765 2507 898 2595 militia,
922 2527 981 2579 aut
997 2509 1068 2598 via,
1095 2507 1196 2582 fessus
1212 2509 1405 2583 adminicu-

433 2639 461 2676 “
480 2634 553 2708 lum
578 2652 735 2710 orarem3
764 2626 812 2697 ita
833 2625 870 2696 in
892 2626 958 2696 hoc
975 2625 1096 2696 itinere
1112 2627 1205 2717 vitae,
1226 2627 1342 2718 senex,
1370 2635 1406 2707 &

433 2759 463 2802 “
480 2747 651 2824 levissimis
668 2768 808 2842 quoque
836 2741 926 2816 curis
950 2741 1076 2839 impar,
1101 2744 1183 2818 cum
1206 2771 1289 2843 opes
1313 2757 1408 2823 mear
1472 2730 1480 2742 ⁵

434 2879 462 2914 “
480 2869 570 2943 ultra
603 2864 771 2944 sustinere
801 2889 873 2936 non
907 2865 1042 2960 possim,
1082 2865 1278 2961 praefidium
1312 2887 1406 2964 peto.

433 2999 460 3048 4‘
480 2990 573 3085 Jube
594 3012 649 3058 eas
668 3011 728 3083 per
750 2987 984 3083 procuratores
1006 3006 1083 3058 tuos
1104 2983 1346 3077 administrari,
1369 2987 1405 3060 in

434 3118 575 3181 “tuam
608 3105 784 3179 fortunam
812 3104 943 3202 recipi«
979 3107 1138 3180 Necme
1156 3105 1193 3178 in
1223 3128 1405 3204 pauperta-

434 3237 461 3272 “
480 3249 560 3300 tem
573 3225 643 3324 ipse
659 3227 868 3312 detrudam
898 3223 956 3299 sed
985 3225 1131 3316 traditis,
1148 3241 1314 3324 'quorum
1337 3226 1406 3300 sui-

434 3356 461 3404 (ὅ
481 3367 566 3448 gore
583 3345 806 3445 perstringor,
831 3345 928 3443 quod
944 3345 1111 3442 temporis
1126 3347 1320 3436 hortorum,
1345 3331 1415 3423 aut¹

435 3477 464 3517 “
482 3469 659 3556 villarum,
678 3492 768 3539 curae
785 3449 971 3567 seponitur,
994 3465 1031 3538 in
1047 3465 1204 3540 animum
1220 3447 1407 3540 revocabo.

433 3597 461 3642 ⁴‘
479 3587 637 3685 Superest
650 3585 713 3659 tibi
727 3587 847 3686 robur,
878 3589 911 3657 &
928 3605 980 3656 tot
998 3612 1058 3682 per
1079 3611 1184 3658 annos
1201 3583 1325 3656 nixum
1341 3582 1407 3657 fas·

408 3785 410 3798 ,
435 3716 463 3752 “
482 3707 558 3806 tigii
582 3706 763 3805 regimen:
792 3707 968 3802 possumus
984 3703 1128 3778 seniores
1153 3701 1268 3791 amici,
1292 3703 1409 3800 quiete

436 3837 463 3883 ‘s
472 3825 697 3932 respondere.
759 3828 844 3908 Hoc
861 3851 1002 3928 quoque
1017 3825 1055 3900 in
1071 3844 1167 3916 tuam
1184 3820 1331 3920 gloriam
1348 3849 1408 3906 ce,
