3126 4864
364 369 369 381 ’
444 394 737 465 Asinium
779 391 889 462 LIB.
931 389 1032 462 XIII.
1160 415 1225 486 ως

255 563 349 662 “jus
362 563 464 638 hastae
482 565 646 640 adversus
662 566 782 664 inopes
803 566 1029 640 inclementer
1051 565 1227 668 augeret.''
1257 611 1262 624 ·

251 684 343 757 Dein
371 684 535 782 Princeps
571 711 691 758 euram
723 690 920 761 tabularum
953 681 1171 782 publicarum
1205 707 1227 754 a

170 851 176 856 ,
252 805 480 900 quaestoribus
499 807 544 878 ad
570 803 751 902 praefeslos
768 807 950 879 transtulit.

300 928 441 999 XXIX.
467 930 601 998 Vama
621 927 750 1014 habita,
774 953 814 999 ac
840 926 927 1023 saepe
953 926 1135 999 immutata
1157 921 1228 1020 ejus

253 1044 302 1120 rei
320 1043 443 1118 forma.
493 1049 589 1146 Nam
607 1047 786 1144 Augustus
814 1046 962 1141 permisit
989 1045 1118 1120 senatui
1142 1045 1228 1140 deli7

254 1191 334 1263 gere
363 1165 568 1262 praefeelos:
606 1167 700 1255 dein,
726 1167 876 1260 ambitu·
894 1165 1132 1264 suffragiorum
1161 1161 1228 1236 sus-

255 1287 371 1380 pede,
388 1284 475 1358 sorte
493 1287 710 1360 ducebantur
726 1313 770 1360 ex
787 1311 932 1358 numero
950 1283 1229 1382 praetorum,·qui

217 1419 221 1424 “
256 1407 447 1500 praeessent.
495 1409 624 1502 Neque
636 1407 750 1480 iddiu
769 1411 903 1495 manfit‚
919 1405 1001 1503 quia
1012 1405 1079 1477 sors
1096 1407 1228 1477 deerra-
1281 1424 1335 1504 ss

255 1523 319 1598 bat'
337 1525 381 1600 ad
398 1551 519 1622 parum
537 1525 689 1598 idoneos.
713 1529 717 1538 ’
739 1528 843 1598 Tunc
857 1524 1025 1598 Claudius
1043 1525 1229 1620 quaestores

253 1643 388 1718 rursum
411 1643 596 1741 imposuit3
626 1633 752 1744 iisque,
787 1672 831 1720 ne
871 1667 966 1718 metu
1001 1646 1229 1718 offensionum

251 1761 387 1862 segnius
412 1765 638 1857 consulerent,
665 1757 773 1840 extra'
788 1765 947 1840 ordinem
967 1767 1117 1840 honores
1147 1791 1228 1860 pro-

254 1885 354 1958 mifit.
403 1887 470 1958 Sed
486 1888 602 1959 deerat
625 1891 732 1960 robur
752 1886 858 1960 aetatis
875 1913 957 1958 eum
984 1885 1137 1982 primum
1155 1913 1228 1958 ma-

254 2005 432 2102 gistratum
446 2001 706 2102 capessentibus.
752 2007 862 2101 Igitur
878 2009 976 2076 Nero
990 2010 1136 2099 praetural
1153 2034 1230 2104 per.

255 2122 406 2215 fundos,
421 2131 453 2198 ἃ
467 2125 676 2222 experientiis
695 2127 856 2219 probatos
872 2122 1013 2217 delegit.

303 2249 426 2324 XXX.
461 2247 693 2324 DAMNArus
708 2241 826 2314 iisdem
840 2239 1035 2314 consulibus
1052 2242 1232 2339 Vipsanius

155 2381 157 2388 ’
256 2369 398 2453 Laenas,
428 2359 459 2406 “'
474 2367 521 2436 ob
550 2362 741 2434 Sardiniam
766 2361 982 2458 provinciam
1005 2363 1108 2436 avare
1126 2341 1230 2438 'habt

259 2462 412 2558 ‘ltamss'
477 2482 666 2562 Absolutus
696 2482 830 2556 Cestius
863 2485 1030 2559 Proculus
1070 2507 1229 2582 repetun-

256 2609 394 2695 darum,
430 2603 631 2677 cedentibus
658 2602 919 2682 accusatoribus.
969 2606 1114 2681 Clodius
1139 2607 1228 2704 Qi-

256 2727 383 2817 rinalis,
420 2731 447 2766 “
467 2724 563 2822 ‘qubd
590 2722 766 2821 praesestus
784 2725 973 2822 remigum,
1000 2725 1061 2822 qui
1086 2730 1228 2800 Raven-

252 2855 287 2890 ·“
305 2875 358 2920 nae
379 2848 597 2934 haberentur,
625 2847 721 2924 velut
753 2845 911 2926 infimam
936 2847 1132 2937 nationum,
1163 2851 1231 2920 Ita-

259 2975 286 3010 ιι
308 2957 389 3040 liam
422 2967 557 3046 luxurii
576 2965 772 3062 saevitiltque
798 2965 1071 3055 addidaviss'et,”
1097 2995 1232 3042 veneno
1263 2953 1268 2958 .
1363 2951 1368 2966 ’

258 3087 515 3164 damnationem
532 3087 721 3164 antevertit.
771 3086 811 3157 C.
834 3085 996 3158 Aminius
1010 3087 1159 3179 Rebius,
1186 3116 1231 3164 ex

260 3207 468 3305 primoribus
498 3209 614 3304 peritis
637 3210 770 3305 legum,
803 3213 835 3280 u
866 3207 1022 3304 pecuniae
1055 3211 1230 3308 magnitu-

258 3329 541 3428 dine,eruciatus
560 3356 659 3426 aegrae
677 3327 833 3417 senedae‚
849 3328 947 3402 millo
965 3355 1027 3426 per
1038 3355 1142 3402 venas
1159 3330 1232 3404 san·

259 3449 376 3546 guine,
395 3449 540 3547 eflugit:
569 3450 661 3521 lraud
679 3449 827 3520 creditus
843 3448 996 3522 sufficere
1010 3451 1053 3536 ad
1072 3453 1230 3522 constan.
1304 3513 1306 3517 .

259 3571 341 3642 tiam
359 3569 533 3642 sumendae
550 3568 682 3656 mortis,
712 3570 758 3639 ob
776 3569 933 3642 libidines
949 3571 1161 3682 muliebriter
1179 3573 1231 3644 in-

258 3690 369 3764 famis.
420 3696 471 3764 At
504 3693 550 3762 L.
571 3690 730 3760 Volufius
754 3689 892 3786 egregii
926 3689 1017 3761 sams
1044 3696 1229 3778 concellit;

259 3812 315 3898 tui
333 3833 400 3896 tres
415 3799 451 3918 bc
469 3807 656 3906 nonaginta
674 3807 754 3894 anni
771 3807 918 3904 spatium
936 3807 1091 3912 vivendi,
1110 3814 1231 3915 praci-
