3006 4866
506 431 899 503 Aon-rconA.
1119 443 1189 520 323

169 643 179 650 -
208 597 283 670 sum
301 593 395 669 fama
418 593 468 668 est
493 591 710 692 transgressa:
740 596 797 670 [εά
813 593 1023 669 immensum
1041 585 1074 666 lit
1090 617 1191 668 enor⁴

207 741 266 792 me
283 715 432 814 spatium
450 717 728 814 procurrentium
746 737 903 790 extremo
913 714 988 814 jam
1006 714 1105 787 litore
1123 733 1193 784 ter

207 859 340 924 rarum,
364 837 500 910 velut
492 863 527 910 1n
553 863 705 911 cuneum
728 821 896 910 tenuatur.
958 837 1066 908 Hanc
1093 841 1191 906 oram

208 941 384 1028 nobissimi
409 955 513 1031 maris
539 977 622 1032 tunc
648 957 802 1056 primum
820 961 984 1031 Romana
1000 952 1157 1028 claffis
1127 977 1194 1026 crr-

60 1057 65 1082 ⁸
158 1069 160 1076 ’
208 1078 406 1166 cumveeta,
432 1076 578 1152 insulam
600 1079 667 1152 effe
687 1077 898 1151 Britanniam
929 1073 1128 1162 affirmavit,
1154 1095 1196 1147 ac
1288 1087 1290 1096 ’

208 1198 308 1270 sunul
324 1197 520 1296 incognitas
546 1199 591 1272 ad
609 1198 646 1271 id
667 1218 806 1295 tempus
829 1195 969 1285 insulas,
988 1221 1072 1294 quas
1084 1197 1194 1268 Orca-

208 1317 271 1390 das
299 1337 443 1408 vocant,
469 1317 616 1409 invenit,
645 1317 875 1416 domuitque:
907 1315 1061 1412 dispeeta
1083 1315 1133 1390 est
1160 1320 1195 1388 δε
1217 1333 1241 1352 ”

208 1435 342 1526 Thule,
361 1464 469 1535 quarn
484 1441 651 1513 hactenus
667 1439 744 1539 nix,
765 1443 797 1512 δι
817 1440 927 1512 hiems
944 1436 1116 1520 abdebat:
1135 1433 1195 1508 sed

209 1581 306 1630 mare
332 1557 475 1658 pigrum
505 1565 539 1634 ὅτ
574 1573 680 1658 grave
708 1545 956 1658 remigantibus
986 1556 1194 1656 perhibenti

209 1703 255 1752 ne
267 1679 378 1752 ventis
391 1668 536 1777 quidem
553 1681 695 1778 perinde
712 1681 847 1754 attolli:
875 1681 981 1756 credo
994 1676 1093 1778 quod
1109 1675 1193 1748 rari-

208 1822 284 1870 ores
304 1817 403 1872 terrae
421 1799 639 1898 montesque,
658 1799 760 1874 causa
781 1825 824 1891 ac
847 1799 989 1872 materia
1011 1797 1196 1894 tempesta·

207 1938 299 2010 tum,
336 1925 370 1994 &
402 1919 575 2018 profunda
599 1923 710 1992 moles
739 1919 898 1992 continui
926 1919 1032 1991 maris
1061 1917 1194 1996 tardius
1258 1937 1261 1950 ’

206 2037 410 2134 impellitur.
460 2039 632 2110 Naturam
660 2038 792 2112 Oceani
820 2057 926 2132 atque
953 2036 1053 2108 aestbs
1082 2063 1198 2135 neque

97 2183 104 2190 “
209 2182 363 2255 quarere
379 2154 479 2254 hujus
495 2157 611 2254 operis
629 2157 692 2246 est,
715 2182 756 2228 ac
773 2155 875 2230 multi
893 2156 1057 2228 retulere:
1077 2161 1199 2230 'unum

207 2275 419 2366 addiderim,
450 2276 621 2375 nusquam
647 2276 748 2350 latius
772 2274 943 2368 dominari
967 2299 1076 2364 mare,
1105 2277 1199 2348 mul

108 2385 113 2406 ’
209 2419 287 2490 turn
304 2396 491 2470 fluminum
509 2399 579 2472 huc
595 2418 700 2494 atque
716 2397 799 2470 illuc
824 2381 925 2486 seire,
945 2419 1009 2468 nec
1029 2395 1126 2468 litore
1149 2416 1199 2469 te-

209 2543 278 2592 nus
303 2496 498 2592 adcrescere
521 2540 581 2593 aut
605 2517 786 2609 resorberi,
811 2515 871 2591 [εά
893 2517 1039 2590 influere
1047 2515 1199 2613 penitus
1249 2559 1251 2578 ·

209 2659 314 2738 atque
342 2641 550 2732 ambire,&
572 2638 670 2740 jugis
694 2639 799 2712 etiam
825 2665 866 2714 ac
896 2636 1081 2737 montibus
1098 2636 1200 2712 inseri
1227 2704 1230 2709 .

210 2763 307 2836 velut
324 2760 361 2833 in
377 2759 450 2837 suo.
799 2861 800 2864 Ἴ
945 2839 949 2844 ,

258 2883 325 2956 Xl.
350 2882 564 2973 Caranum,
588 2882 800 2956 Britanniam
826 2881 888 2978 qui
911 2883 1075 2955 mortales
1098 2881 1200 2956 initio

211 3001 394 3096 coluerint,
419 3003 654 3104 indigenaetan
671 3003 823 3093 adverti,
847 3023 887 3074 ut
903 3002 993 3074 inter
1018 3003 1197 3094 barbaros,

211 3147 336 3220 parum
376 3127 631 3223 compertum.·'
672 3124 829 3199 Habitus
861 3147 1050 3218 corporum
1085 3123 1197 3196 varii:
1277 3141 1280 3146 ·

210 3262 317 3340 atque
342 3269 388 3318 ex
413 3270 455 3318 eo
479 3243 712 3345 argumenta:
740 3269 895 3340 namque
919 3241 1031 3315 rutilae
1051 3243 1200 3325 Caledo-

211 3363 307 3438 niam
331 3365 562 3441 habitantium
579 3393 706 3458 comae,
724 3364 853 3463 ¹magni
878 3383 983 3452 artus,
1012 3363 1199 3438 Germani·

213 3511 292 3560 cam
311 3483 490 3583 'originem
515 3487 728 3562 adseverant.
779 3486 929 3560 Silurum
955 3485 1100 3558 colorati
1117 3486 1199 3558 vul-

211 3625 281 3696 tus,
300 3611 334 3680 &
350 3608 429 3682 torti
441 3587 649 3707 plerumque
666 3609 791 3697 crines,
808 3611 841 3678 δι
856 3606 1101 3702 pofita'contrb
1114 3603 1198 3678 His·
1276 3626 1278 3628 ·

214 3727 330 3824 pania,
349 3729 467 3804 Iberos
484 3751 616 3805 veteres
633 3728 813 3829 trajecisse,
833 3726 955 3825 easque
972 3726 1067 3800 sedes
1091 3751 1198 3800 occu·
1229 3759 1233 3772 ¹

214 3849 308 3946 passe
340 3850 450 3926 fidem
477 3848 634 3928 faciunt:
666 3849 820 3951 proximi
849 3849 972 3941 Gallis,
1010 3853 1043 3921 ὅτ
1074 3843 1199 3922 similes

616 3973 755 4088 ,la
