3006 4866
494 345 905 466 Gsnmnurr.
1081 345 1236 492 '283'

263 567 325 641 VL
348 565 413 640 Nu
432 563 560 642 fenum
579 567 724 666 quidem
740 567 903 665 superest,
917 569 1002 640 ficut
1019 589 1064 638 ex
1087 591 1193 664 gene·
1281 539 1287 550 .

97 689 104 702 '
210 713 247 764 re
263 689 412 762 telorum
430 689 618 787 colligitur.
669 690 756 764 Rari
773 689 909 787 gladiis,
929 707 988 761 aut
1006 684 1193 784 majoribus

213 809 340 886 lanceis
357 793 545 884 'utunt'uri
581 809 703 900 hastas,
742 813 797 886 vel
831 808 986 907 ipsorum
1021 808 1195 918 vocabulo

201 933 351 1026 frameas
365 997 368 1002 .
384 951 522 1028 gerunt,
552 931 700 1027 angusto
734 937 767 1004 δι
797 930 894 1006 brevi
923 929 1025 1018 ferm,
1054 926 1112 1003 sed
1146 928 1196 1002 ita'⁴

215 1051 299 1140 acri,
335 1056 368 1122 &
399 1052 444 1122 ad
469 1049 574 1125 usum
595 1051 717 1141 habili,
750 1069 789 1124 ut
824 1052 948 1124 eodem
975 1051 1058 1139 telo,
1090 1036 1195 1146 prout

215 1172 302 1246 ratio
319 1171 440 1269 poscit,
471 1173 528 1244 vel
545 1171 704 1246 cominus
721 1173 776 1244 vel
792 1171 930 1244 eminus
948 1190 1131 1267 pugnent:
1157 1175 1195 1244 δι

215 1317 321 1388 eques
339 1291 489 1388 quidem
506 1290 602 1364 scuto
620 1291 817 1390 framedque
835 1309 1013 1364 contentus
1028 1289 1102 1394 est?
1132 1315 1192 1388 pe·

211 1412 299 1484 dites
323 1416 363 1491 &,
383 1411 517 1484 miffilia
533 1412 711 1512 spargunt,
738 1413 838 1508 plura
861 1410 1000 1508 singuli,
1028 1430 1133 1508 atque
1157 1411 1197 1487 in
1228 1473 1232 1479 .

94 1625 109 1632 ι
213 1530 424 1606 immensum
442 1532 579 1630 vibrent
596 1561 614 1604 :¹
636 1532 734 1621 nudi,
759 1551 818 1606 aut
831 1530 949 1630 sagulo
965 1531 1081 1604 leves:
1101 1533 1198 1606 nullu

213 1655 328 1726 cultsrs
347 1651 517 1751 jadatio:
546 1651 642 1726 scuta
658 1652 792 1726 tanedm
819 1651 1003 1728 lediffimis
1019 1641 1196 1724 ¹coloribus

211 1771 454 1871 distinguunt:
480 1772 597 1870 paucis
613 1772 725 1856 loricae
741 1802 750 1844 ε
779 1772 840 1846 vix
851 1771 911 1846 uni
927 1771 1069 1846 alterive
1086 1777 1194 1862 castis,

213 1912 274 1965 aut
292 1894 400 1991 galea„
452 1892 547 1990 Equi
563 1919 635 1966 non
663 1892 790 1982 forma,
816 1919 887 1966 non
903 1892 1084 1966 velocitate
1108 1919 1202 1966 con..

211 2013 342 2110 spicui:
373 2015 432 2088 sed
447 2039 512 2086 nec
528 2013 657 2114 variare
675 2038 792 2109 gyros,
817 2012 853 2084 in
871 2037 1006 2084 morem
1023 2013 1194 2104 nostrum,

212 2137 394 2208 docentur.
456 2135 497 2204 ln
540 2134 687 2220 redum,
724 2148 784 2202 aut
816 2150 906 2202 uno·
928 2134 1022 2204 flexu
1054 2132 1196 2206 dextros

212 2273 336 2353 agunt,
362 2241 416 2324 ita¹
438 2249 625 2348 conjundo
649 2253 748 2340 orbe,
776 2269 815 2322 ut
831 2275 936 2322 nemo
960 2249 1128 2345 posterior
1147 2256 1202 2326 sn.-

216 2359 263 2448 ln¹
286 2369 485 2446 universum
503 2370 699 2461 aestimanti,
731 2371 808 2467 plus
826 2395 930 2468 penes
956 2369 1111 2467 peditem
1135 2398 1196 2466 *ro-

214 2491 334 2567 boris:
365 2517 479 2590 eoque
506 2491 608 2566 mixti
632 2489 845 2596 proeliantur,
876 2493 957 2589 aptd
983 2497 1017 2566 &
1044 2517 1198 2592 congru-

215 2633 294 2688 ente
323 2614 369 2687 ad
397 2613 590 2712 equestrem
621 2637 778 2710 pugnam
812 2612 992 2690 velocitate
1020 2613 1194 2710 peditum,

215 2761 305 2833 quos
322 2761 367 2809 ex
397 2733 496 2808 omni
518 2731 703 2830 juventute
729 2733 880 2808 deledos
905 2754 984 2808 ante
1007 2734 1118 2810 aciem
1144 2736 1196 2808 lo-

95 2846 100 2854 ’
216 2875 309 2928 cant.
359 2853 533 2928 Definitur
551 2857 584 2926 &
603 2878 789 2928 numerus:
820 2855 955 2928 centeni
980 2881 1026 2930 ex
1056 2856 1196 2954 singulis

216 2973 317 3073 pagis
333 2973 432 3047 sunt:
458 2972 566 3070 idque
595 2971 707 3070 ipsum
730 2973 817 3070 inter
834 2973 909 3048 suos
936 2996 1129 3049 vocantur:
1161 2956 1196 3053 dc

217 3095 316 3192 quod
345 3093 459 3190 pri-md
476 3118 651 3170 ,numerus
677 3093 766 3184 fuit,
778 3092 853 3190 jam
871 3120 1001 3168 nomen
1024 3099 1057 3168 δι
1085 3099 1197 3171 honor

217 3214 279 3289 est.
323 3213 427 3292 Acies
445 3240 507 3312 per
523 3215 903 3312 cuneoscomponitur.
947 3217 1077 3292 Cedere
1100 3220 1195 3310 loco,

219 3335 418 3409 dummodo
444 3334 557 3409 rursus
581 3333 697 3425 instes,
721 3335 850 3410 confilii
868 3337 978 3434 quum
1000 3332 1198 3416 formidinis

169 3539 175 3568 Ι
219 3455 439 3532 arbitrantur.
474 3457 631 3553 Corpora
646 3455 784 3534 suorum
802 3455 904 3532 etiam
917 3459 953 3532 in
971 3459 1086 3533 dubiis
1103 3487 1198 3557 proe·

217 3575 270 3657 liis
287 3576 449 3652 referunt.
498 3579 644 3652 Scutum
666 3576 835 3675 reliquisse
852 3579 1068 3677 praecipuum
1096 3579 1199 3679 flagi.

219 3698 331 3792 tiumr
367 3723 432 3778 nec
453 3715 514 3778 aut
535 3694 634 3778 sacris
660 3699 787 3791 adesse,
812 3719 871 3774 aut
899 3700 1199 3784 conciliumque
1225 3703 1229 3710 ’
1269 3769 1274 3788 ,
