3126 4864
432 406 1004 490 Auuatruanrs.Xlll.
1144 401 1218 493 ¹ror

249 590 435 684 nobilium,
467 594 528 692 qui
562 590 768 668 etiamtum
795 591 1008 692 supererant,
1033 590 1225 666 inhonore

248 713 397 800 habere3
422 718 514 812 quasi
534 727 710 813 quaereret'
732 716 859 788 ducem
890 719 923 788 &
950 732 1074 810 partes.
1123 714 1220 811 Cog-

225 891 231 906 .
250 833 364 908 nitum
381 835 417 907 id
434 833 584 925 Neroni,
612 835 883 933 “excubiasque
901 833 1104 924 militares,''
1129 859 1223 930 quae,

245 976 284 1027 ut
301 953 441 1052 conjugi
459 955 678 1052 Imperatoris
695 954 847 1044 solitum,
872 959 904 1027 δι
924 954 1023 1026 matri
1039 951 1219 1027 servaban-
1305 945 1310 950 ¹

163 1145 168 1156 x
246 1093 318 1165 tur,
357 1083 383 1118 “
400 1081 433 1148 ὅτ
466 1077 685 1148 Germanos’'
719 1074 816 1171 super
853 1076 1018 1148 eumdem
1052 1077 1220 1147 honorem

247 1195 407 1268 custodes
424 1196 563 1268 additos
594 1203 620 1238 “
640 1196 809 1291 degredi”
831 1193 942 1292 jubet.
993 1201 1048 1268 Ac
1065 1220 1109 1267 ne
1126 1215 1221 1268 coetu

248 1312 468 1386 salutantium
491 1313 771 1412 frequentaretur,
801 1314 931 1412 separat
958 1317 1119 1403 domum,
1149 1342 1223 1388 ma·

247 1453 411 1531 tremque
427 1433 581 1508 transfert
609 1435 644 1507 in
671 1463 762 1525 eam,
789 1461 868 1532 quae
898 1434 1062 1508 Antoniae
1091 1433 1220 1507 fuerat:

246 1555 404 1652 quotiens
433 1554 501 1653 ipse
528 1557 611 1628 illuc
629 1556 822 1646 ventitaret,
852 1557 966 1653 septus
986 1557 1087 1628 turbrl
1103 1575 1222 1628 centu-

244 1675 396 1780 rionum,
424 1681 457 1750 &
477 1677 552 1773 post
571 1680 675 1750 breve
691 1677 847 1752 osculum
865 1677 1074 1776 digrediens.

290 1799 393 1870 XIX.
419 1800 546 1871 Nrmn
580 1823 696 1871 rerum
732 1797 931 1870 mortalium
960 1819 1032 1870 tam
1064 1797 1220 1871 instabile

244 1942 283 1990 ae
300 1920 438 1990 fluxum
455 1919 515 2008 est,
560 1920 643 1991 uam
675 1918 769 1991 fama
795 1917 973 2015 potentiae,
999 1945 1069 1991 non
1098 1919 1156 1992 sua
1183 1920 1219 1990 vi

243 2039 345 2112 nixae.
395 2040 516 2112 Statim
533 2039 691 2110 relistum
710 2037 917 2132 Agrippinae
940 2038 1057 2108 limen.
1099 2040 1220 2111 Nemo

241 2157 352 2249 solari,
379 2185 485 2231 nemo
511 2156 620 2244 adire,
636 2175 760 2250 praeter
773 2179 899 2250 paucas
916 2153 1075 2240 seminas,
1103 2180 1220 2228 amore

208 2277 212 2286 ’
242 2305 285 2352 an
307 2279 404 2368 odio,
429 2277 612 2349 incertum.
634 2293 643 2304 ‘
665 2276 722 2345 Ex
741 2273 866 2370 quibus
884 2293 955 2344 erat
974 2271 1078 2366 Junia
1093 2273 1218 2361 Silana,

244 2425 352 2495 quarn
370 2395 593 2470 matrimonio
620 2395 662 2466 C.
676 2393 747 2468 Silii
770 2421 790 2466 a
820 2392 1004 2467 Messalinlr
1026 2391 1219 2489 depulsam,

242 2517 343 2614 supra
370 2516 485 2606 retuli,
520 2515 660 2614 insignis
683 2541 821 2613 genere,
851 2513 978 2621 sorrnd,
1007 2512 1157 2604 lascivia,
1185 2521 1219 2587 δι

242 2635 449 2734 Agrippina
478 2636 540 2710 diu
571 2660 731 2734 percara:
765 2659 850 2708 mox
880 2636 1024 2710 occultis
1046 2633 1135 2708 inter
1163 2659 1219 2708 eas

154 2834 159 2840 ,
239 2758 496 2848 offenfionibus‚
524 2757 606 2856 quia
622 2757 778 2830 Sextium
808 2755 1029 2848 Africanum,
1063 2756 1221 2830 nobilem

236 2875 419 2975 juvenem,
445 2905 465 2950 a
483 2879 611 2974 nuptiis
627 2877 749 2952 Silanae
766 2879 975 2950 deterruerat
1006 2877 1217 2975 Agrippina,

243 3005 271 3042 “
290 2997 504 3094 impudicam
523 3003 774 3095 &vergentem
792 2999 912 3071 annis”
937 2999 1120 3086 diditans3
1148 3025 1220 3071 non
1264 2979 1269 2997 ³

241 3140 280 3192 ut
297 3115 508 3190 Africanum
525 3117 586 3190 fibi
603 3117 794 3214 seponeret‚
821 3119 880 3191 sed
898 3145 942 3192 ne
959 3119 1085 3218 opibus
1111 3125 1144 3194 ὅτ
1161 3146 1218 3193 or·

243 3237 350 3312 bitate
367 3237 488 3310 Silanae
505 3236 648 3310 maritus
665 3237 840 3334 potiretur.
891 3239 968 3329 Illa,
997 3239 1055 3337 spe
1074 3241 1236 3314 ultionis
1312 3277 1316 3290 ·
1428 3245 1431 3254 '

241 3359 371 3447 oblata,
391 3377 485 3453 parat
502 3357 707 3431 accusatores
726 3385 770 3432 ex
795 3359 976 3453 clientibus
1009 3359 1088 3450 suis,
1114 3364 1218 3436 Ituri-

239 3507 301 3553 um
326 3484 359 3552 &
388 3479 591 3571 Calvisrum,
618 3505 690 3550 non
708 3501 834 3569 vetera,
867 3487 900 3555 δι
928 3481 1051 3578 saepius
1062 3482 1137 3580 jam
1155 3511 1215 3556 au-

162 3609 165 3616 ’
241 3599 313 3673 dita
330 3598 498 3689 deferens,
528 3606 554 3641 “
567 3597 663 3695 quod
681 3579 865 3674 Britannici
883 3623 1031 3674 mortem
1045 3605 1217 3702 lugeret,''

242 3741 301 3793 aut
337 3729 365 3764 “
379 3720 534 3795 Ostaviae
562 3717 702 3817 injurias
728 3723 907 3819 evulgaret
922 3731 954 3795 :’'
988 3722 1045 3796 sed
1070 3732 1096 3766 “
1114 3725 1216 3798 desti·

243 3849 272 3885 “
290 3841 419 3918 navilse
446 3869 538 3936 eam,
569 3840 777 3942 Rubellium
805 3843 984 3933 Plautum,
1011 3869 1071 3940 per
1092 3867 1216 3920 mater·
1279 3825 1285 3836 Χ

704 3963 815 4058 Η3’
