3120 4860
353 409 426 480 224
567 372 1138 456 CConnuntrTxorrr

352 555 502 656 corpon's
526 553 674 646 infamis,
704 560 739 632 dt
767 583 788 630 a
815 557 958 632 Nerone
976 555 1141 654 probroso
1166 547 1330 630 carmine

349 679 559 767 diffamatus,
583 677 811 751 contumelias
836 677 949 750 ultum
973 677 1053 750 ibat.
1154 667 1158 678 ’

397 799 445 870 L.
475 800 597 888 Exeo,
626 798 713 871 dum
737 805 764 840 “
781 796 906 871 scelera
930 796 1113 894 Principis,
1151 800 1184 869 St
1217 797 1330 868 finem

350 923 379 960 “
395 917 508 990 adelse
525 917 675 1015 imperii,
700 915 1001 1017 deligendumque
1025 917 1086 1016 qui
1112 915 1200 988 feffis
1225 918 1329 990 rebus

350 1043 380 1082 “
397 1037 655 1129 succurreret‚'’¹
674 1038 761 1112 inter
791 1037 823 1112 se
848 1059 907 1112 aut
924 1038 1013 1111 inter
1028 1038 1157 1112 amicos
1175 1035 1327 1135 jaciunt,

276 1171 283 1180 '
347 1161 584 1260 aggregavere
600 1159 759 1234 Tullium
776 1160 1014 1250 Senecionem,
1027 1159 1229 1232 Cervarium
1242 1162 1327 1232 Pro-

350 1283 485 1372 culum,
499 1281 700 1355 Vulcatium
717 1281 916 1372 Araricum,
936 1280 1071 1376 julium
1088 1281 1326 1378 Tugurinum,

349 1401 556 1476 Munatium
573 1405 735 1493 Gratum,
752 1401 946 1474 Antonium
963 1401 1143 1490 Natalem,
1158 1403 1329 1474 Martium

254 1571 258 1578 ·
350 1525 508 1618 Festum,
534 1523 667 1620 equites
681 1527 882 1596 Romanos:
910 1522 1101 1618 exquibus
1124 1521 1280 1611 Senecio,
1307 1547 1328 1594 e

349 1644 524 1741 praecipua
540 1641 771 1714 familiaritate
787 1630 955 1731 Neronis,
983 1639 1135 1737 speciem
1165 1642 1329 1716 amicitia

350 1763 453 1834 etiam
470 1783 546 1833 turn
563 1759 723 1849 retinens,
748 1759 790 1832 ed
816 1760 973 1856 pluribus
995 1760 1155 1857 periculis
1180 1762 1330 1835 conssic-

348 1884 495 1955 tabatur.
544 1879 681 1954 Natalis
706 1879 875 1976 particeps
892 1882 937 1952 ad
954 1905 1060 1952 omne
1076 1879 1242 1953 secretum
1265 1882 1331 1954 Pi-

347 2001 422 2075 soni
449 1987 552 2074 erat(
581 1999 711 2072 Ceteris
727 1997 802 2096 spes
819 2025 863 2072 ex
880 2000 980 2072 novis
1005 2003 1107 2072 rebus
1131 2003 1331 2096 petebatur.

350 2120 503 2197 Adscitae
533 2119 625 2210 sunt,
664 2117 767 2218 super
793 2119 957 2193 Subrium
987 2117 1019 2194 dc
1049 2119 1256 2218 Sulpicium,
1281 2123 1331 2195 de

350 2243 479 2341 quibus
507 2240 622 2331 retuli,
653 2239 817 2313 militares
836 2218 972 2329 inanus,
1001 2241 1153 2314 Granius
1169 2241 1329 2315 Silvanus

351 2369 386 2438 &
410 2362 536 2438 Statius
555 2359 756 2451 Proximus,
782 2359 913 2435 tribuni
929 2362 1128 2436 cohortium
1153 2361 1325 2460 pretoria-

347 2510 443 2572 rum,
462 2481 644 2556 Maximus
656 2481 800 2554 Scaurus
822 2484 1026 2555 &Venetus
1050 2485 1189 2572 Paulus,
1204 2504 1327 2557 centu·

348 2607 474 2680 tiones.
496 2642 502 2651 ’
523 2603 589 2676 Sed
603 2599 778 2675 summum
792 2604 898 2676 robur
915 2601 950 2674 in
967 2603 1077 2677 Fenio
1103 2603 1212 2692 Rufo,
1236 2631 1327 2701 prae-

349 2727 456 2816 serto,
486 2723 693 2796 videbatur:
721 2747 828 2820 quem
856 2721 926 2796 vital
947 2721 1109 2821 famaque
1128 2725 1324 2816 laudatum,

350 2873 414 2946 per
430 2843 598 2920 saevitiam
625 2841 951 2947 impudicitiamque
974 2843 1170 2942 Tigellinus
1192 2845 1228 2917 in
1249 2846 1326 2918 ani*

349 2995 411 3044 mo
436 2962 603 3060 Principis
625 2963 792 3052 anteibat,
812 2962 1050 3062 fatigabatque
1075 2947 1325 3039 criminationi-

268 3133 273 3142 τ
349 3093 428 3179 bus,
459 3113 499 3160 ac
517 3083 603 3182 saepc
621 3083 656 3156 iu
675 3104 808 3158 metum
832 3086 1038 3174 adduxerat,
1062 3089 1156 3182 quafi
1187 3087 1326 3159 “adul-

351 3215 380 3252 “
400 3230 513 3282 terum
536 3204 759 3304 Agrippina,
785 3205 1006 3280 &desiderio
1029 3204 1102 3304 ejus
1123 3205 1247 3280 ultioni
1272 3205 1326 3280 in-

350 3337 378 3372 “
396 3327 570 3400 tentum.’'
594 3325 706 3424 lgitur
719 3325 779 3400 ubi
796 3324 994 3424 conjuratis,
1010 3329 1212 3425 praefeeium
1236 3353 1325 3423 quo-

278 3535 281 3543 ,
349 3475 419 3547 que
437 3445 586 3546 praetorii
612 3446 648 3518 in
678 3466 791 3544 partes
825 3445 1048 3538 descendiffe,
1077 3451 1198 3522 crebro
1220 3445 1323 3541 ipfius

347 3571 503 3646 sermone
528 3566 617 3640 facia
645 3567 755 3654 fides3
791 3566 985 3665 promptibs
1002 3567 1078 3666 jam
1100 3567 1145 3640 de
1168 3584 1325 3660 tempore

347 3719 388 3770 ac
404 3692 484 3764 loco
502 3688 606 3761 cadis
624 3686 813 3786 agitabant.
865 3690 912 3762 Et
936 3694 963 3732 “
977 3689 1102 3786 cepiffe
1125 3686 1325 3782 impetum”
1428 3735 1432 3747 .

347 3811 487 3889 Subrius
510 3808 651 3902 Flavius
679 3805 863 3900 ferebatur,
900 3816 927 3852 “
956 3807 991 3882 in
1018 3806 1115 3885 scena
1141 3825 1325 3882 canentem
