3076 4868
347 380 393 477 58
577 325 1147 450 comitantiam

340 556 428 644 lum,
446 550 776 650 imminentiajuga,
794 551 882 626 nihil
899 509 965 628 niti·
985 574 1086 626 atrox
1103 555 1137 624 δι
1161 577 1318 650 propuga

341 675 519 747 natoribus
544 671 720 770 frequens,
750 675 907 747 terrebat.
941 669 1023 778 Ksed
1040 672 1138 746 miles
1155 672 1320 769 proelium

339 792 496 892 poscere,
536 801 563 838 “
583 796 707 868 cunila
737 793 866 868 virtute
901 793 1174 892 expugnabilia''
1200 793 1319 867 clami·

230 915 236 924 '
337 933 425 1006 tare,
460 911 684 1012 praefetlique
709 941 750 988 ac
772 914 903 988 tribuni
921 913 1013 1012 paria
1028 913 1238 1006 differentes,
1266 939 1316 986 ar⁴

338 1035 462 1108 dorem
479 1035 649 1113 exercitlls
662 1036 900 1110 intendebant.
948 1035 1047 1108 Turn
1063 1033 1233 1125 Ostorius,
1252 1034 1317 1108 cir·

338 1153 560 1252 cumspeffis,
590 1163 678 1256 quae'
696 1157 983 1255 impenetrabilia,
1015 1182 1163 1255 quaeque
1188 1155 1319 1252 pervia,

339 1275 439 1349 ducit
462 1275 624 1369 infensos,
648 1303 860 1377 amnemque
877 1280 972 1352 haud
993 1279 1178 1352 difficulter
1192 1273 1318 1350 evadit.

339 1397 417 1472 Ubi
441 1417 586 1473 ventum
614 1400 659 1471 ad
680 1424 859 1496 aggerem,
892 1401 979 1470 dum
1005 1398 1183 1472 miffilibus
1210 1417 1318 1471 certa·

338 1519 456 1606 battrr,
479 1519 556 1613 plus
577 1519 762 1590 vulnerum
783 1516 827 1587 'in
855 1541 934 1605 nos,
957 1521 992 1588 a
1018 1517 1193 1612 pleraeque
1210 1519 1322 1590 caedes

339 1638 548 1710 oriebantur.
602 1635 847 1732 Posteaquam,
880 1634 969 1708 falla
996 1637 1183 1727 testudine,
1216 1638 1319 1710 rudes

339 1755 558 1831 &informes
581 1753 743 1828 saxorum
769 1781 957 1854 compages
981 1756 1163 1846 distraetae,
1191 1783 1320 1856 parque
1388 1809 1393 1818 -

339 1877 498 1952 cominus
526 1876 630 1967 acies,
657 1878 823 1950 decedere
855 1877 991 1952 barbari
1018 1876 1055 1949 in
1082 1876 1170 1975 juga
1188 1877 1319 1958 monti*

223 2010 227 2021 “
336 2023 411 2074 um.
461 1999 529 2073 Sed
551 1995 593 2071 eo
616 2023 756 2096 quoque
783 1997 945 2096 inrupere
965 1995 1165 2074 ferentarius
1193 1997 1318 2098 gravis-

339 2145 410 2218 que
449 2120 568 2194 miles:
608 2117 672 2210 illi,
712 2119 788 2192 telis
820 2115 1039 2210 adsultantes,
1072 2119 1122 2209 hi,
1160 2119 1317 2194 conferto

340 2243 476 2340 gradu3
515 2241 659 2352 turbatis
692 2241 812 2316 contra
852 2240 1094 2316 Britannorum
1122 2239 1317 2330 ordinibus,

339 2358 435 2460 apud
462 2389 551 2460 quos
575 2363 670 2432 nulla
696 2360 881 2433 loricarum
900 2365 1120 2459 galearumve
1131 2361 1318 2460 tegmina:
1337 2461 1339 2470 y

339 2487 375 2556 ὅτ
391 2487 414 2555 sr
431 2478 654 2553 auxiliaribus
673 2478 872 2568 resisterent,
903 2481 1027 2576 gladiis
1050 2509 1091 2556 ac
1113 2484 1194 2579 pilis
1211 2482 1319 2579 legio-

337 2600 532 2682 nariorum3
558 2597 667 2668 fihuc
682 2616 869 2688 verterent,
898 2597 1025 2694 spathis
1043 2607 1078 2672 δε
1099 2601 1204 2672 hastis
1219 2597 1319 2671 auxi-

331 2718 477 2808 liarium
493 2717 730 2792 sternebantur
749 2745 758 2790 ε
796 2719 886 2791 clara
907 2743 948 2790 ea
966 2717 1109 2792 victoria
1125 2717 1203 2810 fuit,
1233 2743 1316 2815 cap-

330 2841 443 2937 fthue
466 2865 577 2914 uxore
603 2843 636 2912 δι
664 2838 734 2913 filia
755 2839 945 2931 Carattaci,
974 2836 1092 2913 fratres
1112 2865 1254 2938 quoque
1282 2839 1319 2913 in

337 2959 554 3062 deditionem
570 2959 719 3058 accepti.

386 3080 561 3153 XXXVI.
588 3067 673 3154 Issit
707 3085 764 3177 (ut
788 3082 895 3156 ferme
919 3083 1031 3158 intuta
1059 3082 1135 3157 sunt
1159 3081 1316 3176 adversa)

337 3200 422 3274 cum
438 3201 547 3274 fidem
559 3198 847 3293 ,Cartismanduaq
876 3203 1005 3302 reginae
1021 3205 1239 3304 Brigantum,
1258 3225 1318 3299 pe·-

337 3321 476 3412 tiviffet,
495 3321 632 3395 vinetus
654 3333 694 3394 a‘c
726 3321 916 3398 vicloribus
949 3325 1094 3399 traditus
1127 3325 1186 3412 est,
1221 3347 1317 3394 nono
1387 3332 1392 3340 “

336 3442 414 3540 post
440 3439 546 3531 anno,
580 3434 689 3539 quim
718 3445 850 3516 bellum
884 3445 921 3517 in
945 3445 1116 3534 Britannia
1144 3462 1315 3539 coeptum.

336 3564 446 3636 Unde
463 3561 555 3636 fama
571 3561 642 3661 ejus
655 3564 775 3636 evella
787 3563 924 3658 insulas,
941 3569 974 3637 ὅτ
986 3563 1163 3662 proximas
1175 3561 1316 3659 provin-

337 3683 407 3759 cias
430 3705 631 3784 pervagata,
660 3709 722 3782 per
744 3684 881 3757 Italiam
898 3709 1042 3784 quoque
1058 3684 1314 3758 celebrabatur:

336 3808 555 3905 avebantque
570 3804 689 3898 visere,
702 3823 705 3833 ·
719 3804 796 3906 quis
820 3805 891 3902 ille,
922 3825 974 3880 tot
1001 3831 1062 3904 per
1083 3831 1205 3898 annos,
1233 3830 1316 3904 opes
