3006 4866
344 395 422 496 328
581 395 623 468 C.
654 394 929 470 Cossum
960 393 1169 469 ‘rtem

350 567 447 643 niam
480 555 621 642 coriatus
646 567 770 642 smstra
803 569 970 656 fuissent„
1009 568 1123 644 Divus
1157 563 1360 671 ¹Claudius

348 691 467 764 sudor
491 689 619 786 operis,
649 689 851 764 transvedis
883 691 1079 790 legionibus
1108 683 1358 784 auxiliisque,

349 807 583 906 &adsumpto
606 811 643 882 in
668 829 802 908 partem
830 837 944 885 rerum
971 810 1210 908 Vespasiano:
1250 805 1358 903 quod

344 929 483 1006 initium
496 950 651 1006 ventura
664 959 749 1008 mox
766 931 914 1008 sortunae
930 931 1015 1006 suit:
1036 931 1183 1008 domitae
1200 946 1352 1028 gentes,

348 1051 442 1150 capti
459 1077 571 1152 reges,
590 1057 623 1127 ὃς
642 1053 850 1130 monstratus
867 1052 945 1129 satis
961 1051 1202 1152 Vespafianus.

396 1174 497 1278 XIV,
538 1174 836 1264 Cousuunmum
872 1173 1005 1272 primus
1034 1175 1147 1246 Aulus
1176 1167 1352 1244 Plautius

347 1300 561 1394 praeposrtus,
590 1321 631 1370 ac
652 1295 798 1371 subinde
818 1295 973 1372 Ostorius
994 1295 1155 1391 Scapula,
1188 1311 1352 1386 uterque
1451 1327 1452 1382 1

316 1447 319 1454 ·
346 1415 445 1488 bello
472 1419 657 1515 egregiusr
690 1417 896 1514 redactaque
914 1415 1092 1514 paullatim
1116 1414 1154 1492 in
1177 1411 1349 1492 sormam
1451 1473 1452 1486 ,

348 1535 537 1634 provinciae
554 1535 714 1633 proxima
729 1564 807 1634 pars
823 1536 1030 1616 Britannia:
1060 1531 1348 1628 addita'insuper

348 1673 593 1732 veteranorum
633 1657 792 1730 colonia:
837 1657 1001 1754 quaedam
1031 1655 1187 1732 civitates
1225 1649 1345 1750 Cogi-

345 1777 442 1850 duno
457 1775 531 1871 regi
546 1778 683 1848 donatae
699 1775 749 1868 (is
766 1776 811 1846 ad
826 1776 978 1848 nostram
995 1775 1103 1872 usque
1119 1775 1349 1854 memoriam

344 1893 524 1970 fidissimus
546 1895 702 1987 mansit),
715 1912 831 1966 vetere
856 1919 897 1966 ac
917 1891 993 1990 jam
1022 1893 1160 1990 pridem
1184 1892 1345 1990 receptfa

251 2071 254 2081 s
346 2014 467 2114 populi
495 2012 652 2092 Romani
679 2011 940 2102 consuetudine,
968 2031 1010 2086 ut
1035 2014 1179 2086 haberet
1201 2013 1342 2086 instru-

346 2155 465 2212 menta
496 2134 666 2210 servitutis
699 2137 732 2208 δι
767 2160 877 2232 reges.
925 2135 1020 2208 Mox
1053 2133 1181 2206 Didius
1207 2135 1339 2213 Gallus

349 2280 447 2358 parta
463 2285 483 2330 a
501 2256 672 2354 prioribus
697 2255 881 2345 continuit,
912 2255 1030 2353 paucis
1047 2256 1245 2334 admodum
1263 2253 1333 2328 cas·

347 2381 436 2456 tellis
468 2379 504 2458 in
529 2377 694 2462 ulteriora
721 2378 906 2474 promotis,
936 2403 998 2474 per
1022 2403 1102 2476 quae
1125 2376 1220 2450 sama
1242 2375 1334 2450 audi

345 2500 452 2576 officii
477 2518 699 2597 quereretur.
749 2499 897 2578 Didium
913 2497 1080 2570 Veranius
1103 2482 1259 2595 excepit,
1289 2495 1330 2569 is·
1419 2577 1421 2582 ,

346 2648 416 2721 que
447 2620 537 2696 intra
562 2645 694 2693 annum
715 2619 903 2694 exstinslus
929 2617 986 2696 est.
1036 2619 1222 2692 Suetonius
1249 2618 1329 2692 hino

347 2743 526 2818 Paullinus
555 2740 698 2816 biennio
727 2739 900 2840 prosperas
931 2766 985 2816 res
1017 2739 1151 2831 habuit,
1179 2737 1327 2814 subactis

346 2864 557 2950 nationibus,
586 2860 798 2960 firmatisque
814 2861 998 2960 praesidiis:
1031 2886 1183 2959 quorum
1199 2857 1324 2934 fiducia

347 2988 499 3060 Monam
516 2982 675 3071 insulam,
699 3004 738 3056 ut
755 2983 844 3056 vires
860 2981 1046 3064 rebellibus
1061 2981 1323 3070 ministrantem,

345 3107 537 3203 adgressus,
556 3121 657 3203 terga
672 3103 842 3180 occas10ni
855 3102 1028 3200 patefecit.

395 3229 478 3298 XV.
521 3229 704 3312 Narseus
733 3220 884 3298 absentis
917 3223 1022 3322 legati
1048 3237 1197 3298 remoto
1216 3242 1321 3310 metu,

345 3343 500 3418 Britanni
520 3346 653 3444 agitare
679 3346 767 3419 inter
784 3343 826 3439 ,se
851 3346 943 3418 mala
966 3344 1147 3436 servitutis,
1172 3343 1323 3419 conserto

345 3462 498 3561 injurias,
515 3465 818 3565 &interpretando
830 3467 1030 3544 accendere.
1081 3473 1109 3516 “1
1125 3465 1228 3538 Nihil
1246 3489 1320 3562 pro·

348 3594 377 3638 ‘⁶
395 3583 453 3660 fici
469 3584 646 3681 patientis,
675 3587 737 3668 nifi
754 3608 794 3660 ut
811 3586 984 3686 graviora,
1012 3605 1193 3683 tamquam
1216 3611 1259 3658 er
1273 3581 1318 3656 sa«

349 3715 376 3764 “
395 3706 453 3782 cili
470 3707 711 3800 tolerantibus,
733 3708 970 3805 imperentur:
995 3709 1147 3806 singulos
1165 3707 1226 3782 fibi
1241 3703 1321 3784 olint

349 3835 376 3888 ἔ(
394 3854 494 3942 reges
509 3825 622 3918 fisiffe,
641 3853 737 3910 nunc
754 3827 1025 3929 binosimpon13
1050 3827 1214 3928 equibus
1231 3827 1319 3926 lega·
