3006 4866
495 355 889 456 Aonrc'osass
1113 398 1185 478 335

205 575 269 629 um
294 548 422 624 ducem
449 551 720 649 opportunitates
744 553 903 626 locorum
926 547 1110 646 sapientiis
1136 547 1209 624 le·'

204 673 312 771 giffe:
344 673 483 746 nullum
500 675 545 748 ab
562 671 730 770 Agricola
748 675 893 768 positum
919 670 1099 746 castellum
1126 690 1187 744 aut

204 794 240 866 vi
257 795 406 868 hostium
423 814 682 892 expugnatum,
709 813 768 873 aut
787 790 945 890 pactione
962 817 1001 866 ac
1019 789 1102 890 fugai
1122 791 1185 864 de-

204 913 341 999 sertum.
384 915 524 988 Crebrae
541 913 764 1010 eruptiones:
793 938 875 987 nam
893 911 1057 985 adversus
1073 936 1189 986 moras
1297 951 1301 956 ·

204 1034 411 1124 chudionis,
441 1035 564 1108 ‘annuis
593 1033 703 1131 copiis
729 1034 979 1106 firmabantur:
1006 1031 1054 1106 ita
1081 1032 1185 1106 intre·
1254 1083 1257 1092 .

151 1204 158 1218 =
206 1155 291 1252 pida
317 1153 366 1228 ibi
392 1154 518 1244 hiems,
551 1160 587 1230 ’ὅτ
618 1154 679 1228 fibi
713 1151 858 1252 quisque
886 1152 1054 1249 praefidio,
1087 1151 1189 1227 irritis

205 1275 373 1366 hostibus,
400 1275 514 1373 eoque
530 1272 806 1372 desperantibus,
824 1272 907 1372 quia
927 1255 1016 1346 soliti
1033 1275 1188 1371 pletum·

207 1423 277 1495 que
288 1397 417 1470 damna
434 1395 556 1471 aestatis
573 1395 725 1468 hibernis
746 1394 927 1471 eventibus
940 1392 1092 1491 pensare,
1111 1414 1188 1468 turn

206 1517 322 1592 aestate
339 1538 444 1614 atque
460 1516 577 1590 hieme
591 1505 694 1613 juirta
717 1518 943 1613 pellebantur.
986 1516 1064 1589 Nec
1081 1493 1195 1614 Agri:

206 1639 284 1712 cola
308 1661 480 1735 umquam
509 1661 571 1734 per
594 1638 678 1708 alios
708 1637 802 1734 gesta
825 1637 949 1710 avidus
976 1634 1187 1732 intercepit:

205 1757 263 1832 seu
291 1756 461 1845 centurio,
500 1754 558 1830 seu
599 1753 795 1851 praefetrus,
831 1756 1074 1853 incorruptum
1108 1753 1191 1830 fatti

205 1877 324 1952 testem
341 1878 504 1950 habebat.
555 1875 667 1972 Apud
685 1873 854 1972 quosdam
871 1877 1027 1950 acerbior
1043 1875 1079 1950 in
1102 1901 1188 1978 con-

203 1981 301 2074 uiciis
315 1998 516 2070 'narrabatur
533 2022 541 2067 :
572 2013 702 2068 utrerat
719 1993 822 2069 bonis
845 1995 970 2085 comis,
998 1995 1046 2070 ita
1063 1997 1188 2070 adver-

205 2120 262 2194 sus
280 2117 389 2192 malos
406 2113 615 2210 injucundus
633 2143 641 2188 :
671 2113 828 2190 ceterdm
845 2141 890 2190 ex
907 2115 1082 2198 iracundia
1099 2115 1189 2190 nihil

188 2239 396 2336 'supereratz
422 2234 592 2311 secretum
610 2241 644 2312 δι
661 2235 832 2310 filentium
849 2233 921 2333 ejus
937 2255 1008 2308 non
1027 2234 1186 2310 timeres:
1293 2247 1294 2252 ’

207 2359 380 2434 honestius
400 2359 543 2456 putabat
560 2359 749 2448 offendere,
774 2341 1017 2456 quam'odiffe.
1115 2405 1120 2410 -

211 2485 215 2490 ’
254 2481 392 2554 ΧΧΙΙΙ.
419 2483 595 2586 annr'a
621 2478 717 2554 aestas
751 2475 967 2566 obtinendis,
1004 2502 1083 2576 quae
1110 2501 1189 2576 per·

205 2621 382 2693 cunctata
401 2599 601 2699 insumpta:
642 2627 682 2674 ac
712 2603 735 2674 fi
763 2599 880 2674 virtus
904 2598 1124 2674 exercituum
1152 2602 1188 2672 δε

205 2723 360 2800 Romani
378 2721 529 2802 nominis
546 2721 656 2820 gloria
673 2719 1044 2819 pateretur,'‘inventus
1061 2718 1096 2792 in
1113 2718 1190 2816 ipsd

205 2843 380 2920 Britanni&
395 2842 575 2917 terminus.
625 2845 722 2918 Nam
745 2845 849 2918 Clota
876 2847 912 2916 δι
929 2839 1106 2931 Bodotria,
1132 2840 1188 2914 di-

207 2967 290 3039 versi
304 2963 407 3038 maris
420 2963 556 3040 restibus
568 2990 628 3061 per
639 2963 848 3040 immensum
861 2964 1022 3054 revectae,
1040 2943 1190 3059 angusto

207 3104 373 3158 terrarum
398 3083 509 3182 spatio
524 3085 764 3161 dirimuntur:
791 3085 888 3184 quod
916 3102 998 3158 turn.
1023 3082 1190 3180 praefidiis

208 3206 435 3280 firmabatur:
467 3225 572 3304 atque
584 3207 699 3283 omnis
723 3205 864 3304 propior
882 3208 971 3278 finus
992 3206 1189 3297 tenebatur,
1257 3276 1263 3283 .

208 3322 390 3403 summotis
405 3327 501 3400 velut
517 3326 553 3400 in
569 3327 672 3402 aliam
690 3325 835 3402 insulam
851 3324 1016 3402 hostibus.

255 3447 393 3521 XXIV.
417 3451 581 3544 Quarto
600 3447 866 3544 expeditionum
883 3471 990 3536 anno,
1013 3471 1103 3522 nave
1120 3446 1189 3545 pri·

208 3569 267 3642 md
283 3563 520 3665 transgreffus,
550 3567 688 3666 ignotas
704 3570 749 3642 ad
766 3569 802 3642 id
820 3588 958 3665 ternpus
976 3585 1096 3666 gentes
1114 3593 1189 3642 cre-

207 3687 278 3765 bris
302 3689 401 3762 simul
429 3713 469 3762 ac
495 3687 657 3786 prosperis
686 3688 818 3786 proeliis
845 3690 1009 3764 domuit:
1042 3711 1200 3783 eamque¹

97 3837 102 3848 ·
209 3829 343 3906 partem
367 3807 563 3901 Britanniae,
593 3836 671 3908 quae
690 3809 904 3888 Hiberniam
920 3809 1052 3908 aspicit,
1082 3806 1191 3905 copiis
1216 3827 1220 3838 ’
