3120 4860
392 414 958 528 AisnnarumLta.XVl.
1121 435 1200 518 255.
1317 421 1321 430 ’

226 591 421 698 pestilentia
440 598 730 696 depopulabatur,
758 599 852 672 nulli
877 595 953 671 caeli
976 595 1194 693 intemperie,

222 745 303 818 quae
336 738 532 792 occurreret
560 719 679 792 oculis.
744 719 810 792 Sed
836 721 963 791 domus
991 714 1226 813 corporibus·

222 837 407 927 exanimis,
436 839 559 912 itinera
584 837 762 912 funeribus
785 841 1061 936 complebantur.
1111 839 1196 909 Non

223 957 338 1048 sexus,
367 981 437 1037 non
455 979 536 1030 aetas
554 957 707 1056 periculo
723 983 843 1032 vacua.
892 958 1033 1032 Servitia
1054 958 1197 1055 perinde
1239 991 1243 998 ·

222 1079 423 1176 &ingenua
439 1080 556 1174 plebes
570 1079 692 1176 raptim
707 1077 895 1178 exstingui,
910 1080 995 1153 inter
1006 1079 1198 1178 conjugum

223 1201 259 1271 δι
290 1197 477 1272 liberorum
503 1199 676 1284 lamenta3
712 1199 773 1296 qui
807 1202 893 1272 dum
921 1201 1085 1288 adsident,
1110 1202 1199 1276 dum
1264 1219 1267 1228 ’

223 1321 371 1408 deflent,
388 1317 477 1415 saepe
493 1321 712 1418 eodemtogo
725 1324 976 1393 cremabantur.
1028 1320 1209 1416 Equitum¹

224 1439 488 1536 senatorumque
505 1440 675 1531 interitus,
695 1437 854 1537 quamvis
868 1437 1065 1537 promiscui,
1085 1440 1199 1514 minits

124 1537 132 1548 ¹
225 1558 357 1632 flebiles
368 1579 477 1649 erant,
489 1579 668 1658 tamquam
684 1560 864 1632 communi
881 1560 1086 1635 mortalitate
1102 1559 1199 1634 faevi-

225 1679 310 1752 tiam
323 1678 492 1775 Principis
505 1679 744 1776 prevenirent.
771 1676 774 1684 .
790 1681 927 1754 Eodem
938 1705 1030 1753 anno
1046 1681 1202 1756 deleslus
1220 1719 1223 1732 ·

225 1825 287 1898 per
301 1798 452 1872 Galliam
469 1801 745 1891 Narbonensem,
773 1799 1002 1900 Africamque
1030 1805 1064 1873 δι
1081 1805 1202 1878 Asiam

114 1957 118 1976 τ
225 1919 336 1995 habiti
352 1918 442 2011 sunt,
461 1920 658 2020 supplendis
676 1919 806 2016 lllyrici
824 1923 1032 2018 legionibus,
1057 1947 1104 1996 ex
1121 1923 1199 2022 qui-

224 2043 291 2116 bus
315 2059 416 2132 aetate
441 2059 500 2113 aut
528 2039 726 2112 valetudine
748 2038 832 2127 feffi,
858 2040 1069 2114 sacramento
1090 2042 1200 2116 solve-

226 2163 365 2236 bantur.
387 2173 389 2179 *
415 2161 562 2232 Cladem
578 2156 853 2254 Lugdunensem
872 2159 1076 2256 quadragies
1088 2161 1200 2236 sester-

224 2280 275 2358 tio
287 2283 412 2356 solatus
429 2279 476 2352 est
491 2278 670 2374 Princeps,
688 2296 726 2351 ut
742 2275 861 2350 amissa
875 2279 952 2351 urbi
970 2301 1198 2376 reponerent:

225 2427 333 2500 quani
350 2393 537 2498 pecuniam
551 2393 804 2497 Lugdunenses
816 2397 895 2475 ante
917 2383 1112 2474 obtulerani
1128 2419 1200 2475 tur·
1315 2401 1316 2404 ’

227 2514 321 2596 liidis'
342 2523 482 2594 casibus.

275 2643 375 2718 XIV.
410 2644 451 2715 C.
474 2643 691 2730 Suetonio,
721 2639 762 2714 C.
792 2639 953 2716 Telefino
987 2641 1199 2734 consulibus,

229 2764 399 2838 Antistius
427 2765 597 2851 Sosianus,
620 2759 778 2834 feditatis
808 2761 845 2834 in
867 2764 1047 2837 Neronem
1076 2765 1201 2838 carini·

229 2884 330 2958 nibus
349 2886 531 2980 probrofis,
557 2881 689 2972 exsilio,
717 2901 758 2955 ut
778 2881 867 2972 dixi,
898 2885 1077 2976 multatus,
1104 2887 1200 2983 post-

182 2997 185 3014 *
227 3027 335 3102 quain
352 3001 389 3074 id
406 3003 545 3076 honoris
562 3002 749 3093 indicibus,
772 3021 916 3101 tamque
932 3023 1137 3102 promptum
1153 3005 1200 3080 ad

226 3126 338 3198 cades
360 3123 560 3220 Principem
577 3122 722 3220 accepit,
747 3123 880 3221 inquies
898 3123 1028 3214 animo,
1049 3129 1083 3197 δι
1100 3152 1200 3200 occa·
1308 3157 1312 3165 “

227 3249 361 3320 stonum
389 3244 484 3317 haud
512 3241 637 3341 segnis,
671 3245 911 3332 Pammenem,
941 3238 1091 3342 ejusdem
1109 3226 1112 3232 ¹
1131 3247 1200 3322 loci

226 3365 396 3457 exsulem,
430 3366 741 3438 &Chaldaeorum
771 3385 844 3438 arte
870 3363 1054 3456 famosum,
1088 3368 1202 3466 edque

227 3489 420 3580 multorum
454 3485 611 3559 amicitiis
651 3483 833 3576 innexum,
870 3485 1090 3560 similitudine
1129 3488 1200 3562 for-

224 3629 321 3681 tunae
348 3607 408 3681 sibi
437 3607 609 3681 conciliat.
670 3605 845 3678 Ventitare
871 3607 1020 3680 adeum
1048 3610 1200 3700 nuntios,

229 3734 262 3802 ac
287 3727 551 3802 consultationes
575 3753 645 3799 non
662 3725 785 3799 frustra
802 3744 908 3816 ratus,
934 3729 1033 3799 simul
1048 3755 1202 3803 annuant

227 3833 412 3946 pecuniam
430 3875 451 3924 a
473 3850 514 3922 P.
532 3846 663 3922 Anteio
686 3845 865 3922 ministrari
883 3845 1071 3946 cognoscit.
1122 3853 1198 3922 Ne-
