3076 4868
314 391 361 441 20
425 363 427 370 '
507 359 1100 456 C.'Cort,unt11'.TAcrr1

313 549 342 584 “
360 542 425 638 suae
441 539 623 638 nequiret:
654 540 819 617 suffecisse
844 544 930 617 olim
950 542 1130 643 indigenas
1147 542 1290 618 consan-

204 695 209 706 ,
314 668 342 704 “
360 659 494 758 guineis
529 661 682 759 populis,
717 689 782 738 nec
808 665 970 762 paenitere
998 664 1123 739 veteris
1149 664 1291 762 reipub·

312 788 340 824 “
359 780 447 856 licae.
507 783 607 881 Quin
640 785 755 860 adhuc
784 785 969 860 memorari
1001 785 1174 883 exempla,
1212 772 1292 884 qua

311 907 339 944 ‘⁶
358 901 472 1000 priscis
489 889 646 976 moribus
663 905 709 977 ad
725 904 891 980 virtutem
910 911 944 980 δι
963 906 1112 1006 gloriam
1129 909 1293 980 Romana

309 1029 337 1065 “
355 1021 509 1124 indoles
524 1023 728 1122 prodiderit.
780 1030 840 1098 An
872 1052 1009 1124 parum,
1044 1025 1142 1125 qubd
1168 1023 1293 1098 Veneti

307 1151 336 1187 “
354 1147 388 1218 &
405 1144 563 1218 Insubres
575 1135 714 1218 ¹curiam
731 1146 939 1245 inruperint,
958 1147 1019 1222 nifi
1044 1166 1157 1221 coetus
1172 1146 1304 1220 alieni·

307 1272 337 1309 “
356 1289 547 1365 genarum,
579 1269 676 1340 velut
717 1266 912 1364 captivitas,
944 1266 1144 1343 inseratur?
1183 1293 1291 1366 quem
1364 1355 1373 1370 ἢ

307 1393 337 1488 “,
354 1389 445 1460 ultra
473 1388 813 1462 honorem'refiduis
837 1387 1037 1460 nobilium?
1070 1408 1133 1462 aut
1165 1392 1188 1462 fi
1214 1386 1292 1485 quis

307 1514 335 1550 “
354 1532 483 1610 pauper
503 1532 523 1578 e
539 1506 645 1578 Latio
661 1504 793 1578 senator
809 1504 896 1608 foret
912 1510 924 1578 ἓ
976 1508 1190 1604 Oppleturos
1213 1533 1291 1578 om-

218 1609 220 1618 .
305 1633 333 1670 cc
351 1625 409 1697 nia
425 1624 551 1696 divites
574 1623 666 1714 illos,
693 1637 844 1722 q'uorum
870 1625 927 1699 avi
949 1625 1154 1724 proavique,
1183 1625 1291 1701 hosti-

260 1729 264 1754 *
304 1753 333 1789 “
353 1746 440 1818 lium
460 1743 653 1843 nationum
688 1746 809 1836 duces,
833 1742 1016 1820 ¹exercitus
1044 1745 1178 1820 nostros
1201 1744 1293 1822 ferro

303 1873 331 1910 “
349 1865 457 1963 vique
475 1864 690 1952 'ceciderint3
709 1866 846 1941 ‘divum
864 1867 999 1964 Julium
1017 1868 1113 1968 apud
1138 1868 1291 1943 Alesram

249 2044 257 2068 .
304 1994 333 2031 “
351 1985 558 2089 obsederint.
625 1987 796 2061 Recentia
827 1991 921 2064 haec:
953 1988 1039 2086 quid
1067 1990 1090 2060 fi
1123 1989 1292 2064 memoria

256 2193 263 2212 .
303 2114 331 2150 “
350 2132 473 2181 eorum
490 2107 684 2199 inoriretur,
710 2108 772 2207 qui
790 2109 963 2207 Capitolio
982 2115 1015 2184 δι
1033 2135 1109 2186 arce
1126 2111 1308 2198 Romana¹

257 2311 265 2328 .
302 2228 511 2304 “manibus
547 2230 755 2304 eorumdem
786 2230 961 2327 prostratis
976 2229 1054 2328 (b)
1120 2230 1272 2302 Frueren

197 2330 201 2346 ¹
241 2403 243 2406 -
301 2356 331 2392 “
349 2369 406 2424 tur
434 2349 517 2427 sane
544 2351 719 2422 vocabulo
751 2349 926 2425 civitatis:
948 2349 1104 2462 ‘infigpia
1132 2371 1296 2450 patrum,

302 2477 332 2513 “
350 2472 478 2542 decora
503 2467 782 2564 magistratuum,
817 2495 862 2541 ne
886 2472 1108 2566 vulgarent.''

349 2590 485 2704 Xlssv·
528 2588 605 2659 Hrs
640 2610 777 2674 Arous
813 2588 939 2668 talibus
971 2586 1070 2662 haud
1107 2612 1287 2688 permotus
1325 2664 1329 2674 ,

300 2709 480 2804 Princeps,
507 2711 540 2782 δι
562 2707 677 2782 statim
695 2703 1008 2796 contradisl'eruit3
1036 2713 1071 2784 dc
1097 2731 1223 2784 vocato
1238 2711 1288 2786 se-

301 2849 399 2919 natu,
420 2828 473 2946 ita
494 2827 644 2932 'exorsus
671 2829 731 2903 est.
785 2837 812 2871 “
831 2827 985 2928 Majores
1013 2830 1083 2906 mei
1116 2833 1289 2928 (quorum

302 2956 330 2992 “
348 2948 597 3047 antiquissnnus
613 2949 771 3040 Clausus,
793 2950 928 3050 origine
956 2950 1105 3042 Sabinas,-
1127 2953 1227 3026 fimul
1252 2937 1288 3025 in'

296 3059 333 3112 '“
351 3067 527 3146 civitatem
546 3074 762 3162 Romanam,
790 3072 878 3145 &in
896 3071 1043 3148 familias
1060 3071 1289 3172 patriciorum

302 3195 330 3232 “
348 3187 496 3263 adscitus
509 3190 582 3290 est)
597 3192 791 3284 hortantur,
809 3193 862 3264 uti
878 3193 1018 3292 paribus
1035 3193 1288 3282 confiliisrem·

302 3317 330 3388 ‘,‘
348 3310 528 3408 publicam
569 3313 757 3408 capessam,
792 3312 1029 3388 transferendo
1066 3315 1150 3404 huc,
1188 3313 1286 3408 quod
1351 3307 1353 3316 ’

301 3439 329 3476 “
348 3431 494 3531 usquam
522 3431 705 3530 egregium
729 3429 840 3505 suerit.
890 3435 1019 3532 Neque
1043 3433 1137 3506 enim
1159 3430 1287 3530 ignoro

303 3558 332 3594 “
350 3551 463 3645 Julios
505 3552 613 3642 Alba,
650 3551 889 3627 Coruncanios
924 3551 1099 3642 Camerio,
1143 3552 1288 3626 Porcios
1321 3623 1327 3636 ,
1491 3595 1498 3605 ·

269 3693 271 3702 ’
302 3677 330 3713 “
348 3668 528 3756 Tusculo;
558 3675 606 3761 δι,
625 3695 669 3743 ne
691 3691 807 3745 vetera
825 3671 1029 3765 scrutemur,
1055 3671 1192 3746 Etrurii
1208 3675 1285 3746 Lu-

301 3797 329 3902 ‘3‘
348 3788 527 3890 canisque,
559 3794 593 3865 &
622 3791 720 3866 omni
753 3792 863 3888 ltalia,
898 3793 935 3866 in
958 3791 1116 3868 senatum
1145 3794 1283 3870 accitos.
