3076 4868
441 396 739 468 Anuaaruu
779 389 890 464 Lrs.
931 387 1015 466 ΧΗ.
1177 417 1217 490 71

246 575 274 614 ‘¹
288 564 417 658 retuaf’
464 567 530 640 Ille
546 564 663 665 primo
680 563 857 663 amplasi,
887 565 1063 656 adlevare,
1094 567 1222 641 adhor-

243 688 319 780 tari,
333 687 442 763 modb
459 685 626 762 virtutem
643 685 832 779 admirans,
847 686 956 768 modo
972 686 1095 762 timore
1111 711 1220 786 aeger,

176 875 178 880 .
243 833 286 882 ne
315 808 394 908 quis
423 807 542 882 relicta
571 806 752 906 potiretur.
780 896 784 904 ι
818 801 1020 899 Postremo,
1055 807 1221 884 violentia

241 929 381 1021 amoris,
417 927 668 1004 &facinorum
697 953 770 1002 non
800 919 911 1020 rudis,
940 928 1220 1029 destringit‘aci·

232 1071 380 1142 nocem,
414 1051 705 1146 vulneratamque
733 1047 846 1145 ripam
869 1051 914 1124 ad
944 1051 1073 1126 Araxis
1104 1025 1221 1140 trahit,

221 1159 379 1246 'flumini
403 1170 525 1260 tradit,
549 1195 593 1242 ne
618 1194 745 1266 corpus
771 1169 877 1242 etiam
900 1168 1096 1248 auferretur.
1145 1169 1222 1269 lpse

240 1315 398 1387 praeceps
413 1293 532 1363 Iberos
548 1291 593 1364 ad
610 1288 763 1386 patrium
779 1314 929 1388 regnum
947 1291 1114 1387 pervadit.
1161 1294 1221 1366 ln·

242 1409 346 1506 terim
366 1407 562 1484 Zenobiam
590 1409 645 1505 (id
662 1408 799 1484 mulieri
817 1411 966 1504 nomen)
985 1409 1123 1508 placida
1141 1411 1220 1484 illu-

243 1529 314 1620 vie,
350 1525 551 1626 spirantem,
592 1555 633 1602 ac
668 1527 749 1602 vitae
779 1529 1012 1621 manifestam,
1044 1531 1223 1604 advertsre
1303 1605 1307 1612 ,
1386 1521 1390 1530 ’

242 1649 416 1749 pastores;
465 1640 697 1747 &dignitate
729 1648 851 1724 sormae
879 1652 976 1742 haud
1009 1652 1222 1750 degenerem

240 1789 449 1870 reputantes,
477 1770 637 1868 obligant
653 1772 796 1861 vulnus,
822 1771 970 1870 agrestia
987 1769 1222 1846 medicamina

160 1961 167 1968 .
237 1875 431 1977 adhibent;
458 1890 674 1990 cognitoque
689 1891 833 1965 nomine
855 1897 888 1964 δι
910 1891 1002 1981 casu,
1027 1891 1065 1966 in
1092 1893 1220 1976 urbem

238 2016 408 2087 Artaxata
424 2011 561 2086 serunt:
576 2012 671 2084 unde
685 2011 825 2106 publica
841 2015 922 2084 eura
933 2013 1083 2086 dedutta
1094 2013 1139 2086 ad
1155 2013 1220 2086 Ti.

237 2125 386 2224 ridaten,
400 2131 619 2230 comiterque
632 2149 794 2226 excepta,
807 2132 902 2204 cultu
915 2129 1013 2228 regio
1025 2131 1143 2206 habita
1158 2134 1219 2207 est.

285 2255 368 2329 LII.
394 2256 554 2332 Fausto
573 2251 680 2339 Sulla,
704 2248 821 2323 Salvio
838 2251 983 2324 Othone
1008 2245 1219 2343 consulibus,

234 2375 363 2450 Furius
404 2370 648 2446 Scribonianus
681 2368 718 2445 in
754 2369 913 2446 exsilium
954 2369 1083 2468 agitur,
1127 2377 1221 2470 quast

171 2553 178 2572 .
240 2502 269 2538 “
286 2495 396 2568 finem
413 2490 582 2589 Principis
606 2513 669 2588 per
683 2491 867 2566 Chaldaeos
883 2490 1091 2566 scrutaretur
1106 2494 1142 2566 :’'
1158 2493 1221 2566 ad·

235 2603 439 2692 nectebatur
454 2611 593 2686 crimini
618 2618 647 2654 “
664 2611 771 2709 Junia
787 2632 898 2688 mater
919 2610 1033 2710 ejus·,''
1057 2632 1097 2688 ut
1116 2620 1143 2656 “
1162 2639 1219 2690 ca·

237 2743 265 2782 “
283 2737 339 2809 shs
365 2734 507 2832 prioris’'
532 2737 634 2831 (nam
660 2733 813 2832 relegata
828 2735 920 2828 erat)
949 2741 977 2803 ‘s
997 2733 1219 2832 impatiens.”

234 2857 337 2930 Pater
361 2855 577 2930 Scriboniani
594 2855 766 2932 Camillus
790 2881 888 2930 arma
915 2881 977 2952 per
1001 2857 1216 2932 Dalmatiam

237 2993 407 3050 moverat.
457 2958 643 3072 quue‘ad
673 2975 893 3049 clementiam
916 2977 1072 3050 trahebat
1086 2975 1216 3068 Cesar,

238 3094 337 3198 qubd
364 3079 506 3192 stirpem
538 3095 697 3168 hostilem
719 3093 844 3168 iterum
868 3095 1091 3171 conservaret.
1141 3099 1218 3172 Ne·

220 3199 309 3316 'que
324 3235 443 3288 tamen
464 3213 574 3289 exsuli
600 3216 706 3314 longa
729 3215 872 3314 posthac
894 3217 964 3292 vita
980 3216 1073 3292 tuit:
1102 3239 1216 3294 morte

235 3325 393 3428 fortuita,
418 3361 463 3410 an
481 3361 543 3433 per
559 3360 733 3410 venenum
749 3335 939 3412 exstinstus
954 3340 1049 3428 esset,
1070 3358 1109 3412 ut
1126 3338 1216 3437 quis-

237 3483 306 3557 que
324 3456 486 3547 credidit,
502 3457 704 3555 vulgavere.
754 3459 853 3532 “De
877 3457 1130 3532 mathematicis
1148 3461 1216 3532 lta-

132 3611 139 3615 ·
238 3586 266 3623 “
283 3578 329 3652 lia
357 3578 552 3676 pellendis''
579 3575 710 3650 fastum
741 3576 1081 3670 senatusconsultum,
1115 3603 1217 3656 atrox

127 3697 133 3706 ’
237 3703 272 3776 &
305 3693 452 3775 irritum.
500 3698 652 3774 Laudari
686 3698 812 3774 dehinc
844 3699 999 3798 oratione
1031 3699 1214 3798 Principis,

237 3810 269 3912 Ξ(
285 3819 346 3925 qui
374 3824 422 3898 ob
450 3818 624 3938 augustias
660 3817 846 3993 fgmiliares
885 3809 1006 3896 ordine
1046 3817 1214 3896 senatorio
1260 3814 1267 3820 ’

580 4009 582 4014 .
728 3944 754 4014 4
