3006 4866
340 401 411 482 332
519 384 1133 462 .C.Conxtr.11TAc1t1
1217 439 1268 460 „

339 557 427 653 quia·
446 556 481 629 in
498 583 638 654 aequum
655 558 803 658 degredi
818 560 1014 634 Ordovices
1043 585 1114 632 non
1131 554 1343 647 audebant,

337 675 408 772 ipse
435 697 513 748 ante
546 704 689 776 agmen,
722 679 795 776 qud
823 679 942 753 ceteris
970 707 1032 778 par
1062 677 1198 752 animus
1229 677 1342 750 simili

336 797 489 895 periculo
517 801 613 889 esset,
641 800 750 873 erexit
767 800 904 876 aciem:
936 802 1093 897 cassaque
1115 799 1233 896 propr}
1255 799 1342 872 uni-

335 919 574 1018 versagente,
601 947 672 992 nou
707 921 847 1019 ignarus
875 921 1074 994 instandum
1109 917 1236 1008 samae,
1278 945 1337 1008 ac,

336 1055 441 1136 prout
474 1041 588 1137 prima
620 1044 797 1133 cessissent,
838 1042 911 1115 sore
941 1041 1121 1128 universa3
1170 1043 1342 1114 Monam

334 1158 494 1251 insulam,
535 1160 632 1260 cujus
666 1165 867 1260 poffeffione
889 1183 1092 1236 revocatum·
1122 1160 1341 1234 Paullinum

331 1282 522 1355 rebellione
538 1283 641 1356 totius
654 1284 840 1377 Britanniae
865 1283 965 1381 supra
991 1277 1196 1372 memoravi,
1234 1279 1338 1354 redi-

336 1425 420 1500 gere
449 1403 485 1476 in
512 1405 715 1501 potestatem
745 1405 864 1478 animo
891 1405 1051 1482 intendit.
1094 1405 1184 1492 sed,
1224 1401 1339 1476 utin

334 1521 451 1596 dubiis
467 1525 628 1614 consiliis,
652 1551 756 1599 naves
773 1527 938 1598 deerant:
970 1525 1057 1598 ratio
1075 1529 1108 1596 δι
1129 1521 1339 1599 constantia

335 1642 437 1716 ducis
455 1645 652 1719 transvexit.
702 1647 875 1742 Depofitis
893 1647 1058 1718 omnibus
1075 1643 1231 1734 sarcinis,
1262 1645 1339 1716 lec,

335 1763 475 1834 tiffimos
492 1763 722 1853 auxiliarium,
751 1763 878 1860 quibus
901 1764 1105 1852 nota'vada,
1135 1769 1170 1836 tc
1187 1751 1338 1861 patrius

334 1879 441 1954 nandi
467 1879 558 1970 usus,
582 1908 653 1978 quo
675 1885 777 1954 timul
799 1881 915 1980 seque,
941 1887 973 1956 δι
1001 1909 1111 1972 arma,
1146 1886 1179 1954 δι
1205 1875 1338 1980 ¹equos

332 2021 472 2100 regunt,
496 2002 542 2074 ita
555 2001 695 2099 repenti
714 2001 865 2093 immisit,
876 2031 878 2044 ’
890 2023 929 2076 ut
947 2000 1175 2099 obstupesadli
1188 2003 1331 2093 hostes,

334 2122 396 2222 qui
423 2124 576 2212 classem,
608 2125 669 2222 qui
700 2149 817 2214 naves,
846 2124 907 2220 qui
937 2149 1032 2196 mare
1058 2121 1328 2220 exspedlabant,

334 2244 420 2318 nihil
442 2245 592 2318 arduum
619 2263 678 2318 aut
706 2244 876 2318 invidum
892 2243 1104 2318 crediderint
1122 2248 1166 2317 fic
1183 2246 1230 2317 ad
1251 2245 1327 2318 bel-

334 2367 412 2440 lum
427 2366 655 2440 venientibus.
702 2369 754 2439 lta
771 2366 874 2462 petiti
889 2391 987 2462 pace,
1007 2391 1046 2437 ac
1064 2365 1181 2437 dedita
1193 2363 1324 2453 insuli,

334 2491 446 2562 clarus
473 2511 514 2560 ac
542 2512 692 2584 magnus
721 2487 841 2560 haberi
867 2486 1054 2584 Agricola:
1092 2485 1227 2582 quippe
1260 2484 1321 2558 cui

333 2607 541 2706 ingredienti
566 2606 798 2705 provinciam,
827 2607 924 2704 quod
941 2627 1079 2704 tempus
1100 2605 1159 2679 alii
1178 2633 1249 2704 perv
1267 2583 1322 2678 os·

332 2727 575 2817 tentationem,
603 2748 661 2802 aut
687 2725 883 2800 officiorum
911 2727 1083 2800 ambitum
1112 2732 1319 2826 transigunt,

260 2882 265 2908 ⁴
333 2851 484 2924 labor&
503 2831 905 2946 periculumplacuilset.
945 2851 1023 2922 Nec
1038 2848 1216 2946 Agricola,
1236 2874 1318 2946 pro-

332 2969 491 3070 speritate
516 2989 629 3043 rerum
659 2967 695 3042 in
723 2969 911 3042 vanitatem
938 2967 1029 3058 usus,
1054 2969 1317 3066 expeditionem

331 3113 390 3164 aut
408 3091 588 3166 vidioriam
605 3093 767 3182 vocabat,
787 3090 899 3163 vidos
918 3091 1122 3164 continuisse
1138 3091 1155 3162 :J
1179 3115 1224 3163 ne
1241 3093 1316 3162 lau·

332 3212 430 3283 reatis
448 3213 592 3308 quidem
617 3211 711 3310 gesta
730 3209 1014 3308 prosecutus'est:
1047 3209 1105 3283 sed
1131 3212 1205 3307 ipsi
1222 3210 1314 3282 disfi·
1340 3243 1342 3250 ,

331 3332 524 3404 mulatione
540 3329 642 3405 famae
658 3329 790 3405 sarnam
807 3331 918 3421 auxit,
942 3331 1188 3406 aestimantibus
1205 3354 1315 3428 quan·

332 3453 368 3526 tlt
384 3448 491 3523 futuri
507 3449 565 3547 spe
586 3472 659 3525 tam
682 3479 811 3551 magna
835 3452 999 3526 tacuisset.

276 3627 279 3632 -
381 3571 484 3646 XIX.
509 3572 706 3648 Caranum
721 3572 920 3645 animorum
939 3570 1128 3669 provinciae
1148 3573 1310 3669 prudens,

331 3695 502 3790 simulque
531 3693 655 3764 doetus
683 3719 753 3792 per
773 3693 883 3765 aliena
908 3692 1158 3790 experimenta,
1191 3711 1311 3790 parum

263 3903 264 3913 ἵ
334 3813 457 3916 profici
474 3811 588 3904 armis,
611 3815 635 3886 st
659 3808 789 3910 injuriae
807 3812 1042 3913 sequerentur,
1071 3814 1184 3893 causas
1202 3813 1308 3888 bello·
