3076 4868
297 367 343 438 28
514 365 1087 444 C.Conunn11TAc1r1
1176 393 1181 404 ·

296 535 866 634 paenitentiamaLNitellio&P.
878 543 1000 639 Largo
1009 539 1148 615 Caecinl
1160 556 1275 614 muta·
1324 599 1330 610 .

293 676 403 746 retur;
423 656 459 729 in
471 658 598 730 eodem
611 659 799 757 gestamine
816 660 933 735 sedem
951 661 1070 759 poscit,
1088 657 1273 756 sumitque.

342 779 515 850 XXXIV.
549 779 714 853 Cnrrrrn
742 782 820 879 post
852 785 927 887 baec
956 783 1049 857 fama
1076 781 1155 871 suit,
1183 779 1273 852 inter

291 897 441 972 diversas
456 899 626 996 Principis
643 927 760 992 voces,
789 903 870 975 cum
888 901 997 976 modo
1022 901 1188 976 incusaret
1211 903 1275 974 fla·

294 1019 378 1118 gitia
393 1021 526 1110 uxoris,
552 1022 740 1120 aliquando
758 1025 803 1095 ad
821 1023 1027 1097 memoriam
1044 1021 1210 1121 conjugii,
1238 1023 1272 1092 ὅτ

243 1232 246 1236 .
290 1137 473 1246 infantiam
496 1141 688 1216 liberorum
704 1145 953 1234 revolveretur,
985 1169 1055 1217 non
1073 1143 1166 1216 aliud
1192 1167 1273 1238 pro-

292 1260 449 1336 locutum
477 1263 673 1354 Vitellium,
700 1266 808 1362 quam
841 1272 869 1308 “
886 1267 918 1336 ·ὃ
951 1265 1105 1337 facinus!
1127 1265 1169 1335 ‘b
1202 1260 1271 1336 scc-
1356 1361 1359 1364 -

291 1387 319 1428 “
338 1381 391 1454 lus
402 1373 453 1453 !'’'
487 1385 638 1458 Instabat
656 1386 798 1481 quidem
815 1384 995 1456 Narcissus
1013 1383 1184 1480 “aperire
1199 1409 1274 1456 am·

292 1508 320 1543 “
339 1504 458 1600 bages,
486 1507 518 1574 &
552 1505 625 1574 veri
657 1503 797 1598 copiam
821 1501 979 1575 facere:''
1012 1501 1166 1574 sednon
1192 1503 1273 1602 ideo

290 1622 448 1718 pervicit,
468 1620 553 1718 quin
572 1620 738 1718 suspensa,
762 1625 809 1713 δι,
836 1622 907 1720 qud
924 1623 1145 1712 ducerentur,
1172 1621 1271 1694 incli-

289 1760 412 1815 natura
429 1741 648 1838 responderet
663 1771 673 1827 ;
700 1744 934 1842 exemploque
948 1742 1019 1841 ejus
1035 1747 1176 1840 Largus
1193 1745 1270 1816 Cae-

216 1848 240 1958 Ἰ
290 1862 367 1936 cina
379 1881 540 1938 uteretur.
592 1865 640 1935 Et
661 1861 738 1960 jam
766 1884 835 1938 erat
862 1864 898 1936 in
915 1862 1053 1961 aspeslu
1071 1864 1270 1954 Messalina,

288 1983 559 2082 clamitabatque
597 1991 625 2026 “
654 1985 788 2058 audiret
818 1985 973 2058 oetaviae
1010 1990 1043 2058 ac
1081 1983 1270 2058 Britannici

289 2113 317 2151 ·“
336 2125 481 2180 matrem
498 2107 534 2177 :''
560 2106 642 2178 cum
665 2105 876 2204 obstreperet
892 2105 1079 2198 accusator,
1106 2113 1134 2148 “
1147 2105 1289 2204 Silium·

97 2304 101 2315 ,
201 2327 203 2332 Δ
289 2233 317 2274 “
336 2231 370 2301 dt
397 2225 558 2324 nuptias''
588 2227 748 2300 reserens.
809 2225 921 2301 Simul
959 2225 1167 2334 codicillos,
1189 2224 1268 2298 libi-

288 2347 415 2422 dinum
448 2348 594 2437 indices,
638 2347 795 2436 tradidit,
836 2346 964 2443 quibus
1005 2344 1095 2419 visus
1126 2344 1269 2422 Caesaris
1321 2371 1327 2384 ³

286 2485 466 2556 averteret.
529 2467 607 2537 Nec
636 2463 748 2536 multo
777 2464 853 2561 pdst
887 2467 1025 2537 Urbem
1059 2465 1267 2560 ingredienti

286 2581 519 2660 offerebantur
568 2607 772 2656 communes
821 2583 933 2671 liberi,
987 2583 1048 2658 nisi
1092 2585 1288 2656 Narcissus-

284 2703 484 2782 “amoveri
506 2704 589 2778 eos”
607 2703 761 2802 juffiffet.
811 2703 991 2776 Vibidiam
1014 2705 1189 2802 depellere
1205 2730 1266 2778 ne·

285 2826 411 2925 quivit,
447 2824 532 2924 quin
560 2828 668 2900 mults:
695 2849 778 2900 cum
803 2823 934 2898 invidis
958 2824 1141 2923 flagitaret,
1177 2833 1205 2869 “
1223 2853 1268 2900 ne

285 2954 314 2990 “
332 2941 512 3020 indefensa*
523 2947 677 3047 conjunx
695 2947 801 3021 elritio
818 2947 994 3019 daretur.''
1035 2945 1147 3046 Igitur
1164 2954 1193 2990 “
1206 2975 1265 3022 au·

284 3073 313 3110 “
330 3043 501 3146 diturum,
518 3049 731 3166 Principem,
768 3074 801 3141 &
826 3066 902 3140 fore
928 3067 1086 3140 diluendi
1115 3069 1265 3144 criminis

172 3184 178 3194 '
284 3196 312 3233 “
330 3187 555 3264 facultatem'’
582 3187 780 3285 respondit:
814 3186 921 3260 “iret
944 3185 1081 3262 interim
1099 3189 1201 3288 virgo
1230 3195 1265 3262 ὅτ

287 3319 314 3360 “
332 3309 425 3385 sacra
442 3311 666 3408 capefferet.''
727 3315 734 3322 ”
780 3349 786 3362 s

333 3435 501 3510 XXXV..
515 3435 668 3506 Mirum
695 3431 784 3502 inter
807 3431 883 3504 haec
912 3429 1082 3503 silentium
1099 3428 1260 3507 Claudii:

283 3553 443 3630 Vitellius
469 3553 592 3650 ignaro
619 3549 784 3647 propior:
817 3549 938 3623 omnia
968 3550 1092 3623 liberto
1119 3549 1260 3622 obedie-

283 3676 378 3746 bant.
442 3679 469 3713 “
497 3670 652 3745 Parefieri
679 3661 826 3742 domum
843 3669 1010 3758 adulteri,
1041 3689 1146 3768 atque
1176 3669 1279 3744 illuc·

284 3791 457 3869 “deduci
485 3793 755 3895 Imperatorem'’
783 3790 895 3888 jubet,
963 3795 1019 3872 Ac
1048 3791 1203 3890 primum
1225 3792 1262 3874 in
