3126 4864
350 383 415 434 tta
539 361 579 431 C.
622 359 887 430 Constant
930 357 1138 458 Tactrr'

346 548 515 601 oratorem
533 529 741 620 Corvinum,
768 530 854 628 clivo
872 527 1047 628 Augusto,
1067 531 1178 601 abavo
1201 527 1337 600 Nero-t
1433 573 1440 588 -

343 648 410 738 nis,
440 651 611 748 collegam
635 650 737 736 ineo
758 635 959 756 magistratu
983 651 1093 752 spille,
1126 647 1227 744 pauci
1243 646 1321 744 jam

343 767 461 846 senum
496 769 747 846 meminerant:
788 771 845 848 sed
886 770 995 846 nobili
1027 769 1164 842 familia
1191 770 1320 840 ¹honor

343 891 462 962 antius
489 891 551 981 est,
591 892 716 966 oblatis
750 891 786 966 in
805 894 966 990 singulos
995 887 1103 964 anno's
1130 887 1318 987 *quingenis
1410 987 1412 996 Ι

341 1005 507 1100 sestertiis,
544 1012 672 1109 quibus
700 1014 849 1088 Mellala
873 1031 1110 1110 paupertatem
1129 1009 1316 1114 ¹innoxiam
1377 1082 1391 1090 ,

338 1127 552 1204 sustentaret.
603 1135 748 1206 Aurelio
776 1159 918 1231 quoque
951 1135 1077 1222 Cottae,
1109 1138 1141 1206 ὅτ
1170 1129 1317 1206 Haterio

341 1231 549 1344 Antonino,
574 1279 725 1336 annuam
765 1254 950 1350 pecuniam
990 1253 1103 1326 statuit
1141 1251 1316 1344 Princeps,

341 1373 503 1471 quamvis
520 1401 581 1472 per
598 1377 723 1448 luxum
740 1375 847 1448 avitas
864 1400 947 1470 opes
963 1375 1180 1470 diffipaffent.
1233 1369 1316 1468 Ejus

343 1493 424 1566 anni
458 1494 646 1590 principi0,
683 1495 847 1566 mollibus
874 1495 990 1566 adhuc
1021 1493 1125 1566 initiis
1165 1495 1316 1590 prolata·

341 1633 420 1688 tum
436 1613 522 1688 inter
537 1614 680 1684 Parthos
698 1612 948 1708 Romanosque
973 1614 1018 1684 de
1035 1613 1226 1686 obtinenda
1248 1618 1316 1687 Ar·

336 1731 455 1805 ,menia
484 1733 629 1824 bellum,
661 1731 782 1804 acriter
810 1731 979 1808 sumitur:
1009 1733 1090 1829 quia
1118 1759 1183 1804 nec
1207 1734 1316 1804 Volo-

341 1849 434 1950 geses
463 1852 592 1926 finebat
620 1849 760 1928 fratrem
788 1851 970 1924 Tiridaten
998 1851 1068 1926 dati
1097 1879 1117 1924 a
1152 1851 1185 1923 se
1218 1851 1320 1948 regni

337 1992 522 2068 ‚expertem
539 1974 618 2062 effe,
644 1992 703 2052 aut
727 1971 845 2044 alienae
862 1972 898 2044 id
924 1971 1084 2068 potentia
1101 1973 1236 2045 donum
1251 1973 1313 2045 ha-

340 2097 441 2168 bere:
477 2097 510 2166 &
544 2094 700 2168 Corbulo
734 2092 884 2188 dignuin
919 2091 1159 2190 magnitudine
1193 2091 1316 2188 populi

340 2214 497 2289 Romani
514 2216 664 2305 rebatur,
684 2233 782 2310 parta
803 2213 889 2294 olim
913 2239 933 2286 a
956 2215 1107 2294 Lucullo
1128 2211 1314 2310 Pompeio-

166 2349 176 2364 *
285 2403 289 2414 ,
341 2363 412 2436 que
444 2337 603 2432 recipere.
666 2337 726 2426 Ad
754 2337 827 2414 hac
862 2335 1023 2415 Armenii
1050 2334 1216 2432 ambigua
1244 2334 1313 2406 fide'

340 2479 486 2554 utraque
507 2479 603 2525 arma
631 2452 835 2542 invitabant,
861 2458 922 2526 s1tu
951 2474 1132 2544 terrarum,
1158 2455 1313 2528 similitu·

339 2577 421 2650 dine
442 2597 581 2648 morum
604 2570 736 2644 Parthis
755 2572 945 2668 propiores,
964 2571 1214 2667 connubiilque
1237 2601 1313 2668 per·

337 2694 452 2782 mixti,
470 2718 508 2764 ac
527 2692 681 2774 libertate
698 2691 831 2790 ignota,
846 2692 928 2773 illuc
946 2691 1057 2790 magis
1075 2692 1118 2771 ad
1135 2690 1313 2768 servitium

310 2814 556 2900 inclinantes,
661 2835 667 2848 '

386 2936 540 3008 XXXV.
575 2936 649 3008 Sao
676 2934 867 3008 Corbuloni
897 2935 973 3032 plus
1014 2934 1116 3006 molis
1150 2935 1313 3023 adversus

335 3055 513 3154 ignaviam
544 3056 709 3146 militum,
741 3044 1000 3154 quam'contra
1029 3056 1212 3152 perfidiam
1236 3055 1312 3130 hos-

336 3177 426 3251 tium
463 3196 545 3248 erat.
612 3175 757 3273 Qippe
796 3176 892 3272 Syria
927 3176 1120 3256 transmotae
1146 3177 1312 3275 legiones,

315 3297 425 3398 ‘pace
442 3298 548 3394 longa
565 3296 697 3394 segnes,
728 3296 849 3373 munia
871 3301 1117 3378 Rornanorum
1136 3296 1312 3394 aegerrime

338 3419 540 3492 tolerabant.
590 3417 675 3490 Satis
708 3417 858 3490 constitit
889 3415 986 3498 fuille
1014 3417 1051 3493 in
1084 3443 1126 3493 eo
1159 3416 1312 3498 exercitu

338 3557 530 3626 veteranos,
561 3537 621 3635 qui
647 3563 730 3618 non,
745 3538 942 3629 stationem,
971 3566 1044 3612 non
1071 3535 1205 3634 vigilias
1233 3535 1312 3618 inis.

337 3658 434 3744 sent3
462 3659 592 3732 vallum
615 3657 809 3756 follamque
832 3663 924 3756 quast
951 3685 1041 3732 nova
1069 3655 1208 3738 &mira
1224 3656 1311 3728 vise-

337 3803 436 3870 rent:
465 3783 532 3856 fine
558 3778 674 3888 galeis,
694 3781 762 3852 fine
781 3780 922 3870 loricis,
943 3779 1043 3870 nitidi
1062 3783 1095 3852 δι
1114 3778 1309 3876 quaestuosa,

1544 3187 1552 3528 ,
