3006 4866
451 352 910 480 ¹Garunnam
1052 391 1194 510 ’3η

208 555 319 658 itione
343 575 510 676 cultuque
529 578 660 672 Suevot
692 576 854 652 referunt.
905 575 1078 652 Gothinos
1108 581 1193 654 Gal·
1276 609 1280 618 ·

209 702 291 795 lica,
325 699 413 776 Osos
440 698 643 774 Pannonica
665 699 786 798 lingua
813 699 984 799 coarguit,
1020 725 1094 772 non
1127 703 1194 774 effe

208 825 427 910 Germanos3
448 826 483 895 δι
500 819 597 920 quod
613 821 742 896 tributa
759 822 958 918 patiuntur:
984 842 1118 920 partem
1131 821 1191 894 tri-

210 947 378 1020 butorum
395 943 571 1032 Sarmata,
601 963 737 1040 partem
754 943 886 1042 Qadi‚
912 963 951 1018 ut
974 942 1191 1042 alienigenis,
1247 927 1248 934 ἵ

209 1065 420 1163 imponunt:
451 1062 612 1152 Gothini,
630 1059 702 1178 quo
720 1064 830 1162 magis
849 1047 990 1160 pudeat,
1009 1071 1042 1139 δι’
1068 1064 1197 1138 ferrum

209 1184 403 1261 effodiunt:
431 1183 620 1282 omnesque
648 1185 684 1257 hi
713 1183 835 1282 populi
863 1196 973 1281 pau'ca
994 1185 1191 1283 campestri-

209 1335 287 1398 um,
306 1305 458 1380 c'eterirrn
474 1305 575 1380 saltus
592 1311 627 1379 &
645 1305 788 1380 vertices
806 1305 981 1380 montium
995 1303 1193 1404 jugumque

205 1426 415 1502 insederunt.
439 1422 597 1523 'Dirimit-
611 1427 704 1500 eninr
717 1427 1090 1525 scinditque‘Sueviam
1104 1453 1189 1501 con·

208 1547 347 1622 tinuum
360 1549 534 1622 montium
544 1546 688 1646 jugum,
706 1549 796 1621 ultra
813 1549 912 1645 quod
929 1547 1087 1646 plurima
1106 1565 1192 1646 gen-

208 1687 259 1743 tes
284 1688 417 1768 agunt:
449 1695 494 1742 ex
523 1669 651 1765 quibus
678 1667 835 1742 latiffim&
865 1687 959 1766 patet
992 1668 1191 1768 Lygiorum

128 1801 129 1804 ’
206 1815 336 1864 nornen
349 1792 386 1861 in
404 1791 519 1886 plures
537 1788 694 1862 civitates
710 1788 886 1864 diffusum.
937 1789 1190 1863 Valentiffimas

197 1911 396 2002 nominaffe
416 1908 573 1999 sufficiet,
598 1897 715 1999 Arios,
736 1912 974 2001 Helveconas,
994 1911 1189 2001 Manirnos,
1217 2005 1222 2011 δ

204 2034 352 2126 Elyfios,
379 2031 612 2102 Naharvalos.
663 2029 781 2123 Apud>
795 2029 1013 2100 Naharvalos
1037 2031 1190 2128 antiquae
1227 2007 1229 2014 Ι

200 2147 380 2248 religionis
397 2149 496 2220 lucus
514 2147 718 2220 ostenditur.
768 2147 928 2218 Praefidet
941 2144 1097 2222 sacerdos
1110 2175 1189 2222 mu·
1297 2143 1299 2152 ’
1396 2137 1400 2154 '

141 2259 148 2263 “
205 2269 305 2344 liebri
323 2285 468 2342 ornatu:
484 2266 542 2339 sed
557 2274 584 2310 “
595 2267 694 2357 deos,
714 2265 993 2363 interpretatione
1009 2269 1187 2360 Romana,

206 2397 235 2437 “
253 2389 433 2464 Castorem
463 2388 742 2486 Pollucemque'’
771 2407 978 2460 memorant.
1031 2389 1106 2470 ,Ea
1134 2389 1187 2463 vis
1292 2471 1300 2486 „

205 2510 368 2584 numini:
399 2536 527 2584 nomen
556 2511 666 2581 Alcis:
693 2510 789 2582 nulla
822 2511 1015 2599 fimulacra,
1049 2510 1188 2584 nullum

205 2618 397 2733 peregrinae
418 2631 663 2730 superstitionis
684 2629 896 2730 vestigium:
932 2650 971 2703 ut
986 2628 1186 2704 fratresta-

204 2779 301 2846 men,
321 2776 359 2828 ut
368 2753 516 2854 juvenes
533 2769 749 2826 venerantur.
799 2750 963 2824 Ceterom
989 2750 1065 2824 Arii
1086 2749 1185 2846 super
1277 2747 1281 2756 '

204 2875 307 2966 vires,
323 2875 450 2973 quibus
466 2894 685 2948 enumeratos
695 2874 813 2972 paullo
829 2873 908 2946 ant&
922 2873 1073 2972 populos
1089 2892 1185 2946 ante·

89 3037 92 3046 ·
204 2996 348 3085 cedunt,
367 2985 494 3086 truces,
513 2996 621 3070 infitae
637 2993 761 3068 feritati
778 3013 849 3068 arte
864 3019 904 3066 ac
917 3013 1075 3090 tempore
1087 2994 1184 3066 leno-

204 3115 388 3190 cinantur:
422 3116 523 3215 nigra
554 3114 660 3206 scuta,
689 3115 795 3189 rinna
821 3135 989 3212 corpora:
1021 3133 1108 3187 atras
1139 3113 1184 3186 ad

205 3235 330 3334 proelia
364 3240 481 3312 nottes
509 3239 654 3336 legonti
692 3235 836 3334 ipsaque
860 3232 1046 3308 formidine
1078 3254 1183 3332 atque

202 3358 330 3430 umbra
363 3356 474 3431 feralis
501 3357 671 3432 exercitiis
697 3351 864 3430 terrorem
890 3353 1056 3444 inferunt,
1082 3355 1181 3427 nullo
1318 3413 1321 3420 .

202 3475 356 3550 hostium
379 3475 561 3550 sustinente
587 3503 719 3551 novum
748 3503 788 3550 ac
808 3478 904 3550 velut
927 3475 1103 3550 infernum
1130 3473 1181 3549 as-

201 3598 344 3694 pedturn
360 3625 369 3671 ε
388 3625 470 3672 nam
488 3597 590 3696 primi
608 3598 645 3671 in
661 3597 825 3686 omnibus
843 3595 971 3695 proeliis
989 3596 1083 3669 oculi
1101 3595 1178 3668 vin·

201 3737 340 3791 cuntur.
389 3720 502 3792 Trans
514 3718 648 3818 Lygios
663 3721 845 3793 Gothones
862 3723 1062 3814 regnantur,
1081 3716 1179 3812 paul·
1271 3727 1274 3732 '

199 3835 323 3935 ·lo.jam
338 3838 533 3932 addititios,
553 3839 660 3939 quant
682 3857 802 3914 ceterae
820 3841 1077 3914 Germanorum
1094 3859 1179 3934 gen·
1289 3831 1291 3834 ’

648 3960 685 4034 Χ
712 3958 741 4032 a
