<?xml version="1.0" encoding="UTF-8"?>
<!DOCTYPE html PUBLIC "-//W3C//DTD XHTML 1.0 Transitional//EN"
    "http://www.w3.org/TR/xhtml1/DTD/xhtml1-transitional.dtd">
<html xmlns="http://www.w3.org/1999/xhtml" xml:lang="en" lang="en">
 <head>
  <title>
</title>
<meta http-equiv="Content-Type" content="text/html;charset=utf-8" />
  <meta name='ocr-system' content='tesseract 3.04.00' />
  <meta name='ocr-capabilities' content='ocr_page ocr_carea ocr_par ocr_line ocrx_word'/>
</head>
<body>
  <div class='ocr_page' id='page_1' title='image "./ccorneliitaciti03freigoog_0156.png"; bbox 0 0 3126 4864; ppageno 0'>
   <div class='ocr_carea' id='block_1_1' title="bbox 453 401 1234 498">
    <p class='ocr_par' dir='ltr' id='par_1_1' title="bbox 453 401 1234 498">
     <span class='ocr_line' id='line_1_1' title="bbox 453 401 1234 498; baseline -0.01 -18"><span class='ocrx_word' id='word_1_1' title='bbox 453 409 751 484; x_wconf 69' lang='lat' dir='ltr'>Annictuu</span> <span class='ocrx_word' id='word_1_2' title='bbox 784 403 897 477; x_wconf 79' lang='lat' dir='ltr'>Lru.</span> <span class='ocrx_word' id='word_1_3' title='bbox 930 401 1029 476; x_wconf 84' lang='lat' dir='ltr'>XIV.</span> <span class='ocrx_word' id='word_1_4' title='bbox 1167 421 1234 498; x_wconf 80' lang='lat'>¹5³</span> 
     </span>
    </p>
   </div>
   <div class='ocr_carea' id='block_1_2' title="bbox 213 573 1314 2473">
    <p class='ocr_par' dir='ltr' id='par_1_2' title="bbox 213 573 1314 2473">
     <span class='ocr_line' id='line_1_2' title="bbox 213 573 1237 682; baseline -0.003 -25"><span class='ocrx_word' id='word_1_5' title='bbox 213 635 216 647; x_wconf 30' lang='lat' dir='ltr'>a</span> <span class='ocrx_word' id='word_1_6' title='bbox 257 573 298 630; x_wconf 69' lang='lat'>‘¹‘</span> <span class='ocrx_word' id='word_1_7' title='bbox 314 607 453 682; x_wconf 89' lang='lat' dir='ltr'>quoque</span> <span class='ocrx_word' id='word_1_8' title='bbox 479 609 550 656; x_wconf 88' lang='lat' dir='ltr'>non</span> <span class='ocrx_word' id='word_1_9' title='bbox 579 581 787 656; x_wconf 85' lang='lat' dir='ltr'>abhorruiffe</span> <span class='ocrx_word' id='word_1_10' title='bbox 814 578 1089 677; x_wconf 72' lang='lat' dir='ltr'>spectaculorum</span> <span class='ocrx_word' id='word_1_11' title='bbox 1118 580 1237 654; x_wconf 87' lang='lat' dir='ltr'>oblec-</span> 
     </span>
     <span class='ocr_line' id='line_1_3' title="bbox 238 699 1293 802; baseline -0.004 -24"><span class='ocrx_word' id='word_1_12' title='bbox 238 699 295 750; x_wconf 85' lang='lat'>&#39;“</span> <span class='ocrx_word' id='word_1_13' title='bbox 311 704 484 795; x_wconf 82' lang='lat' dir='ltr'>ramentis,</span> <span class='ocrx_word' id='word_1_14' title='bbox 520 729 584 802; x_wconf 89' lang='lat' dir='ltr'>pro</span> <span class='ocrx_word' id='word_1_15' title='bbox 601 702 750 793; x_wconf 68' lang='lat' dir='ltr'>fortuni,</span> <span class='ocrx_word' id='word_1_16' title='bbox 768 729 846 802; x_wconf 71' lang='lat' dir='ltr'>qua:</span> <span class='ocrx_word' id='word_1_17' title='bbox 861 721 938 775; x_wconf 88' lang='lat' dir='ltr'>rum</span> <span class='ocrx_word' id='word_1_18' title='bbox 954 721 1024 774; x_wconf 86' lang='lat' dir='ltr'>erat</span> <span class='ocrx_word' id='word_1_19' title='bbox 1036 729 1047 787; x_wconf 91' lang='lat'>;</span> <span class='ocrx_word' id='word_1_20' title='bbox 1082 701 1194 798; x_wconf 85' lang='lat' dir='ltr'>e6que</span> <span class='ocrx_word' id='word_1_21' title='bbox 1215 726 1239 774; x_wconf 83' lang='lat' dir='ltr'>a</span> <span class='ocrx_word' id='word_1_22' title='bbox 1290 699 1293 705; x_wconf 78' lang='grc'><strong>’</strong></span> 
     </span>
     <span class='ocr_line' id='line_1_4' title="bbox 267 821 1240 919; baseline -0.007 -18"><span class='ocrx_word' id='word_1_23' title='bbox 267 825 435 900; x_wconf 90' lang='lat' dir='ltr'>“Tuscis</span> <span class='ocrx_word' id='word_1_24' title='bbox 467 825 596 900; x_wconf 86' lang='lat' dir='ltr'>accitos</span> <span class='ocrx_word' id='word_1_25' title='bbox 621 823 815 913; x_wconf 84' lang='lat' dir='ltr'>histriones,</span> <span class='ocrx_word' id='word_1_26' title='bbox 845 849 865 895; x_wconf 87' lang='lat' dir='ltr'>a</span> <span class='ocrx_word' id='word_1_27' title='bbox 888 821 1034 895; x_wconf 89' lang='lat' dir='ltr'>Thuriis</span> <span class='ocrx_word' id='word_1_28' title='bbox 1052 845 1240 919; x_wconf 84' lang='lat' dir='ltr'>equorum</span> 
     </span>
     <span class='ocr_line' id='line_1_5' title="bbox 266 941 1239 1043; baseline -0.005 -22"><span class='ocrx_word' id='word_1_29' title='bbox 266 953 298 992; x_wconf 81' lang='lat'>¹‘</span> <span class='ocrx_word' id='word_1_30' title='bbox 314 945 522 1032; x_wconf 81' lang='lat' dir='ltr'>certamina3</span> <span class='ocrx_word' id='word_1_31' title='bbox 551 951 585 1019; x_wconf 63' lang='grc' dir='ltr'>ὃς</span> <span class='ocrx_word' id='word_1_32' title='bbox 613 943 755 1043; x_wconf 66' lang='lat' dir='ltr'>possessi</span> <span class='ocrx_word' id='word_1_33' title='bbox 789 941 921 1016; x_wconf 75' lang='lat' dir='ltr'>Achaia</span> <span class='ocrx_word' id='word_1_34' title='bbox 946 941 1108 1039; x_wconf 71' lang='lat' dir='ltr'>Afrique,</span> <span class='ocrx_word' id='word_1_35' title='bbox 1137 942 1239 1016; x_wconf 81' lang='lat' dir='ltr'>ludos</span> 
     </span>
     <span class='ocr_line' id='line_1_6' title="bbox 269 1061 1238 1162; baseline -0.008 -22"><span class='ocrx_word' id='word_1_36' title='bbox 269 1073 297 1110; x_wconf 88' lang='lat'><strong><em>“</em></strong></span> <span class='ocrx_word' id='word_1_37' title='bbox 314 1067 461 1140; x_wconf 76' lang='lat' dir='ltr'>curatius</span> <span class='ocrx_word' id='word_1_38' title='bbox 484 1066 619 1140; x_wconf 88' lang='lat' dir='ltr'>editos:</span> <span class='ocrx_word' id='word_1_39' title='bbox 649 1089 763 1162; x_wconf 89' lang='lat' dir='ltr'>neque</span> <span class='ocrx_word' id='word_1_40' title='bbox 786 1088 1017 1162; x_wconf 80' lang='lat' dir='ltr'><strong>quemquam,</strong></span> <span class='ocrx_word' id='word_1_41' title='bbox 1035 1067 1162 1136; x_wconf 87' lang='lat' dir='ltr'>Romae</span> <span class='ocrx_word' id='word_1_42' title='bbox 1173 1061 1238 1133; x_wconf 88' lang='lat' dir='ltr'>ho·</span> 
     </span>
     <span class='ocr_line' id='line_1_7' title="bbox 262 1184 1239 1284; baseline -0.003 -25"><span class='ocrx_word' id='word_1_43' title='bbox 262 1193 297 1230; x_wconf 82' lang='lat'>“</span> <span class='ocrx_word' id='word_1_44' title='bbox 314 1187 408 1260; x_wconf 88' lang='lat' dir='ltr'>nesto</span> <span class='ocrx_word' id='word_1_45' title='bbox 424 1189 504 1260; x_wconf 91' lang='lat' dir='ltr'>loco</span> <span class='ocrx_word' id='word_1_46' title='bbox 520 1206 652 1274; x_wconf 91' lang='lat' dir='ltr'>ortum,</span> <span class='ocrx_word' id='word_1_47' title='bbox 682 1186 726 1257; x_wconf 90' lang='lat' dir='ltr'>ad</span> <span class='ocrx_word' id='word_1_48' title='bbox 752 1185 932 1258; x_wconf 86' lang='lat' dir='ltr'>theatrales</span> <span class='ocrx_word' id='word_1_49' title='bbox 948 1205 1035 1256; x_wconf 89' lang='lat' dir='ltr'>artes</span> <span class='ocrx_word' id='word_1_50' title='bbox 1051 1184 1239 1284; x_wconf 84' lang='lat' dir='ltr'>degenera-</span> 
     </span>
     <span class='ocr_line' id='line_1_8' title="bbox 270 1302 1239 1403; baseline -0.002 -26"><span class='ocrx_word' id='word_1_51' title='bbox 270 1313 298 1350; x_wconf 90' lang='lat'><strong>“</strong></span> <span class='ocrx_word' id='word_1_52' title='bbox 315 1307 412 1395; x_wconf 82' lang='lat' dir='ltr'>ville,</span> <span class='ocrx_word' id='word_1_53' title='bbox 431 1304 674 1403; x_wconf 87' lang='lat' dir='ltr'>ducentisjam</span> <span class='ocrx_word' id='word_1_54' title='bbox 691 1303 789 1378; x_wconf 83' lang='lat' dir='ltr'>annis</span> <span class='ocrx_word' id='word_1_55' title='bbox 813 1331 835 1378; x_wconf 90' lang='lat' dir='ltr'>a</span> <span class='ocrx_word' id='word_1_56' title='bbox 861 1305 908 1378; x_wconf 88' lang='lat' dir='ltr'>L.</span> <span class='ocrx_word' id='word_1_57' title='bbox 926 1302 1096 1378; x_wconf 80' lang='lat' dir='ltr'>Mummii</span> <span class='ocrx_word' id='word_1_58' title='bbox 1113 1303 1239 1376; x_wconf 85' lang='lat' dir='ltr'>trium-</span> 
     </span>
     <span class='ocr_line' id='line_1_9' title="bbox 270 1423 1242 1524; baseline -0.001 -27"><span class='ocrx_word' id='word_1_59' title='bbox 270 1432 299 1468; x_wconf 91' lang='lat'><strong>“</strong></span> <span class='ocrx_word' id='word_1_60' title='bbox 317 1427 402 1524; x_wconf 89' lang='lat' dir='ltr'>pho,</span> <span class='ocrx_word' id='word_1_61' title='bbox 420 1427 482 1524; x_wconf 91' lang='lat' dir='ltr'>qui</span> <span class='ocrx_word' id='word_1_62' title='bbox 508 1427 636 1524; x_wconf 88' lang='lat' dir='ltr'>primus</span> <span class='ocrx_word' id='word_1_63' title='bbox 665 1426 701 1498; x_wconf 92' lang='lat' dir='ltr'>id</span> <span class='ocrx_word' id='word_1_64' title='bbox 729 1450 839 1524; x_wconf 85' lang='lat' dir='ltr'>genus</span> <span class='ocrx_word' id='word_1_65' title='bbox 865 1423 1049 1524; x_wconf 68' lang='lat' dir='ltr'>spectaculi</span> <span class='ocrx_word' id='word_1_66' title='bbox 1076 1423 1111 1496; x_wconf 89' lang='lat' dir='ltr'>in</span> <span class='ocrx_word' id='word_1_67' title='bbox 1140 1425 1242 1496; x_wconf 88' lang='lat' dir='ltr'>Urbe</span> 
     </span>
     <span class='ocr_line' id='line_1_10' title="bbox 271 1542 1242 1644; baseline -0.002 -26"><span class='ocrx_word' id='word_1_68' title='bbox 271 1552 298 1593; x_wconf 90' lang='lat'><strong><em>“</em></strong></span> <span class='ocrx_word' id='word_1_69' title='bbox 315 1547 511 1644; x_wconf 85' lang='lat' dir='ltr'>praebuerit.</span> <span class='ocrx_word' id='word_1_70' title='bbox 538 1547 604 1619; x_wconf 89' lang='lat' dir='ltr'>Sed</span> <span class='ocrx_word' id='word_1_71' title='bbox 622 1545 868 1621; x_wconf 85' lang='lat' dir='ltr'>&amp;consultum</span> <span class='ocrx_word' id='word_1_72' title='bbox 888 1544 1126 1644; x_wconf 75' lang='lat' dir='ltr'>parcimonia,</span> <span class='ocrx_word' id='word_1_73' title='bbox 1144 1542 1242 1641; x_wconf 68' lang='lat' dir='ltr'>quud</span> 
     </span>
     <span class='ocr_line' id='line_1_11' title="bbox 269 1648 1242 1767; baseline -0.002 -28"><span class='ocrx_word' id='word_1_74' title='bbox 269 1673 484 1766; x_wconf 87' lang='lat' dir='ltr'>“perpetua</span> <span class='ocrx_word' id='word_1_75' title='bbox 508 1663 601 1739; x_wconf 87' lang='lat' dir='ltr'>sedes</span> <span class='ocrx_word' id='word_1_76' title='bbox 627 1668 762 1740; x_wconf 84' lang='lat' dir='ltr'>theatro</span> <span class='ocrx_word' id='word_1_77' title='bbox 782 1667 898 1740; x_wconf 91' lang='lat' dir='ltr'>locata</span> <span class='ocrx_word' id='word_1_78' title='bbox 919 1669 970 1756; x_wconf 79' lang='lat' dir='ltr'>fit,</span> <span class='ocrx_word' id='word_1_79' title='bbox 996 1648 1112 1767; x_wconf 77' lang='lat' dir='ltr'>potitis</span> <span class='ocrx_word' id='word_1_80' title='bbox 1133 1665 1242 1763; x_wconf 72' lang='lat' dir='ltr'>quim</span> 
     </span>
     <span class='ocr_line' id='line_1_12' title="bbox 268 1783 1241 1890; baseline -0.001 -32"><span class='ocrx_word' id='word_1_81' title='bbox 268 1793 298 1830; x_wconf 88' lang='lat'><strong><em>“</em></strong></span> <span class='ocrx_word' id='word_1_82' title='bbox 317 1786 484 1864; x_wconf 88' lang='lat' dir='ltr'>immenso</span> <span class='ocrx_word' id='word_1_83' title='bbox 501 1786 655 1890; x_wconf 87' lang='lat' dir='ltr'>sumptu,</span> <span class='ocrx_word' id='word_1_84' title='bbox 675 1789 825 1885; x_wconf 76' lang='lat' dir='ltr'>singulos</span> <span class='ocrx_word' id='word_1_85' title='bbox 849 1812 911 1884; x_wconf 82' lang='lat' dir='ltr'>per</span> <span class='ocrx_word' id='word_1_86' title='bbox 930 1812 1039 1860; x_wconf 83' lang='lat' dir='ltr'>annos</span> <span class='ocrx_word' id='word_1_87' title='bbox 1056 1783 1241 1884; x_wconf 81' lang='lat' dir='ltr'>consurge-</span> 
     </span>
     <span class='ocr_line' id='line_1_13' title="bbox 266 1906 1241 2005; baseline 0 -25"><span class='ocrx_word' id='word_1_88' title='bbox 266 1915 295 1951; x_wconf 85' lang='lat'><strong>“</strong></span> <span class='ocrx_word' id='word_1_89' title='bbox 311 1928 362 1985; x_wconf 85' lang='lat' dir='ltr'>ret</span> <span class='ocrx_word' id='word_1_90' title='bbox 394 1933 435 1980; x_wconf 88' lang='lat' dir='ltr'>ac</span> <span class='ocrx_word' id='word_1_91' title='bbox 469 1907 662 1980; x_wconf 85' lang='lat' dir='ltr'>strueretur.</span> <span class='ocrx_word' id='word_1_92' title='bbox 720 1910 803 1983; x_wconf 88' lang='lat' dir='ltr'>Nec</span> <span class='ocrx_word' id='word_1_93' title='bbox 848 1907 992 2004; x_wconf 87' lang='lat' dir='ltr'>perinde</span> <span class='ocrx_word' id='word_1_94' title='bbox 1023 1906 1241 2005; x_wconf 80' lang='lat' dir='ltr'>magistratus</span> 
     </span>
     <span class='ocr_line' id='line_1_14' title="bbox 267 2026 1239 2122; baseline -0.001 -21"><span class='ocrx_word' id='word_1_95' title='bbox 267 2035 388 2101; x_wconf 88' lang='lat' dir='ltr'>“rem</span> <span class='ocrx_word' id='word_1_96' title='bbox 412 2026 617 2100; x_wconf 81' lang='lat' dir='ltr'>familiarem</span> <span class='ocrx_word' id='word_1_97' title='bbox 641 2027 885 2114; x_wconf 85' lang='lat' dir='ltr'>exhausturos,·</span> <span class='ocrx_word' id='word_1_98' title='bbox 904 2045 962 2097; x_wconf 87' lang='lat' dir='ltr'>aut</span> <span class='ocrx_word' id='word_1_99' title='bbox 984 2028 1117 2122; x_wconf 90' lang='lat' dir='ltr'>populo</span> <span class='ocrx_word' id='word_1_100' title='bbox 1145 2029 1239 2100; x_wconf 76' lang='lat' dir='ltr'>effla-</span> 
     </span>
     <span class='ocr_line' id='line_1_15' title="bbox 268 2143 1241 2247; baseline 0 -27"><span class='ocrx_word' id='word_1_101' title='bbox 268 2155 297 2192; x_wconf 90' lang='lat'><strong><em>“</em></strong></span> <span class='ocrx_word' id='word_1_102' title='bbox 311 2147 447 2247; x_wconf 84' lang='lat' dir='ltr'>&#39;gitandi</span> <span class='ocrx_word' id='word_1_103' title='bbox 460 2150 585 2220; x_wconf 84' lang='lat' dir='ltr'>Graeca</span> <span class='ocrx_word' id='word_1_104' title='bbox 600 2144 822 2219; x_wconf 89' lang='lat' dir='ltr'>certaminaa</span> <span class='ocrx_word' id='word_1_105' title='bbox 837 2143 1094 2240; x_wconf 81' lang='lat' dir='ltr'>magistratibus</span> <span class='ocrx_word' id='word_1_106' title='bbox 1106 2146 1241 2220; x_wconf 87' lang='lat' dir='ltr'>causam</span> 
     </span>
     <span class='ocr_line' id='line_1_16' title="bbox 267 2261 1241 2362; baseline -0.001 -22"><span class='ocrx_word' id='word_1_107' title='bbox 267 2275 296 2312; x_wconf 90' lang='lat'><strong>“</strong></span> <span class='ocrx_word' id='word_1_108' title='bbox 313 2268 402 2358; x_wconf 86' lang='lat' dir='ltr'>sore,</span> <span class='ocrx_word' id='word_1_109' title='bbox 444 2269 526 2342; x_wconf 80' lang='lat' dir='ltr'>citm</span> <span class='ocrx_word' id='word_1_110' title='bbox 563 2291 606 2338; x_wconf 90' lang='lat' dir='ltr'>eo</span> <span class='ocrx_word' id='word_1_111' title='bbox 642 2263 782 2361; x_wconf 90' lang='lat' dir='ltr'>sumptu</span> <span class='ocrx_word' id='word_1_112' title='bbox 831 2261 1023 2360; x_wconf 84' lang='lat' dir='ltr'>respublica</span> <span class='ocrx_word' id='word_1_113' title='bbox 1067 2262 1241 2362; x_wconf 84' lang='lat' dir='ltr'>fungatur.</span> 
     </span>
     <span class='ocr_line' id='line_1_17' title="bbox 265 2383 1314 2473; baseline 0.002 -13"><span class='ocrx_word' id='word_1_114' title='bbox 265 2395 297 2431; x_wconf 88' lang='lat'><strong>“</strong></span> <span class='ocrx_word' id='word_1_115' title='bbox 314 2391 504 2460; x_wconf 84' lang='lat' dir='ltr'>Oratorum</span> <span class='ocrx_word' id='word_1_116' title='bbox 520 2411 560 2473; x_wconf 80' lang='lat' dir='ltr'>ac</span> <span class='ocrx_word' id='word_1_117' title='bbox 576 2404 696 2458; x_wconf 81' lang='lat' dir='ltr'>vatum</span> <span class='ocrx_word' id='word_1_118' title='bbox 713 2383 873 2461; x_wconf 60' lang='lat' dir='ltr'>victorias</span> <span class='ocrx_word' id='word_1_119' title='bbox 897 2383 1162 2458; x_wconf 86' lang='lat' dir='ltr'>incitamentum</span> <span class='ocrx_word' id='word_1_120' title='bbox 1188 2386 1241 2464; x_wconf 91' lang='lat' dir='ltr'>in·</span> <span class='ocrx_word' id='word_1_121' title='bbox 1313 2383 1314 2387; x_wconf 28' lang='lat'>¹</span> 
     </span>
    </p>
   </div>
   <div class='ocr_carea' id='block_1_3' title="bbox 152 2502 1282 2606">
    <p class='ocr_par' dir='ltr' id='par_1_3' title="bbox 152 2502 1282 2606">
     <span class='ocr_line' id='line_1_18' title="bbox 152 2502 1282 2606; baseline 0.001 -27"><span class='ocrx_word' id='word_1_122' title='bbox 152 2533 159 2546; x_wconf 76' lang='lat'><strong><em>¹</em></strong></span> <span class='ocrx_word' id='word_1_123' title='bbox 270 2506 426 2606; x_wconf 83' lang='lat' dir='ltr'>“geniis</span> <span class='ocrx_word' id='word_1_124' title='bbox 464 2508 660 2584; x_wconf 86' lang='lat' dir='ltr'>adlaturas:</span> <span class='ocrx_word' id='word_1_125' title='bbox 699 2531 763 2582; x_wconf 88' lang='lat' dir='ltr'>nec</span> <span class='ocrx_word' id='word_1_126' title='bbox 792 2504 956 2603; x_wconf 86' lang='lat' dir='ltr'>cuiquam</span> <span class='ocrx_word' id='word_1_127' title='bbox 982 2502 1094 2604; x_wconf 86' lang='lat' dir='ltr'>judici</span> <span class='ocrx_word' id='word_1_128' title='bbox 1120 2531 1242 2604; x_wconf 87' lang='lat' dir='ltr'>grave,·</span> <span class='ocrx_word' id='word_1_129' title='bbox 1279 2595 1282 2605; x_wconf 23' lang='lat' dir='ltr'>y</span> 
     </span>
    </p>
   </div>
   <div class='ocr_carea' id='block_1_4' title="bbox 267 2626 1306 3940">
    <p class='ocr_par' dir='ltr' id='par_1_4' title="bbox 267 2626 1306 3940">
     <span class='ocr_line' id='line_1_19' title="bbox 269 2626 1242 2724; baseline -0.001 -22"><span class='ocrx_word' id='word_1_130' title='bbox 269 2634 297 2672; x_wconf 91' lang='lat'><strong>“</strong></span> <span class='ocrx_word' id='word_1_131' title='bbox 310 2653 410 2702; x_wconf 87' lang='lat' dir='ltr'>aures</span> <span class='ocrx_word' id='word_1_132' title='bbox 427 2627 546 2701; x_wconf 92' lang='lat' dir='ltr'>studiis</span> <span class='ocrx_word' id='word_1_133' title='bbox 561 2626 725 2716; x_wconf 81' lang='lat' dir='ltr'>honestis,</span> <span class='ocrx_word' id='word_1_134' title='bbox 751 2631 785 2704; x_wconf 73' lang='grc' dir='ltr'>δι</span> <span class='ocrx_word' id='word_1_135' title='bbox 814 2626 1053 2724; x_wconf 89' lang='lat' dir='ltr'>voluptatibus</span> <span class='ocrx_word' id='word_1_136' title='bbox 1080 2631 1242 2702; x_wconf 74' lang='lat' dir='ltr'>concessis</span> 
     </span>
     <span class='ocr_line' id='line_1_20' title="bbox 268 2744 1242 2848; baseline 0 -26"><span class='ocrx_word' id='word_1_137' title='bbox 268 2756 296 2799; x_wconf 85' lang='lat'><strong><em>“</em></strong></span> <span class='ocrx_word' id='word_1_138' title='bbox 311 2747 514 2848; x_wconf 86' lang='lat' dir='ltr'>impartire:</span> <span class='ocrx_word' id='word_1_139' title='bbox 540 2744 679 2826; x_wconf 72' lang='lat' dir='ltr'>&#39;laetitiae</span> <span class='ocrx_word' id='word_1_140' title='bbox 705 2746 834 2846; x_wconf 82' lang='lat' dir='ltr'>magis,</span> <span class='ocrx_word' id='word_1_141' title='bbox 861 2747 970 2848; x_wconf 65' lang='lat' dir='ltr'>quim</span> <span class='ocrx_word' id='word_1_142' title='bbox 996 2744 1143 2824; x_wconf 68' lang='lat' dir='ltr'>lasciviat</span> <span class='ocrx_word' id='word_1_143' title='bbox 1165 2749 1242 2823; x_wconf 88' lang='lat' dir='ltr'>dari</span> 
     </span>
     <span class='ocr_line' id='line_1_21' title="bbox 268 2849 1242 2970; baseline 0.002 -30"><span class='ocrx_word' id='word_1_144' title='bbox 268 2876 297 2912; x_wconf 91' lang='lat'><strong>“</strong></span> <span class='ocrx_word' id='word_1_145' title='bbox 314 2893 439 2968; x_wconf 89' lang='lat' dir='ltr'>paucas</span> <span class='ocrx_word' id='word_1_146' title='bbox 454 2868 558 2941; x_wconf 92' lang='lat' dir='ltr'>totius</span> <span class='ocrx_word' id='word_1_147' title='bbox 577 2867 806 2966; x_wconf 90' lang='lat' dir='ltr'>quinquennii</span> <span class='ocrx_word' id='word_1_148' title='bbox 825 2849 956 2958; x_wconf 58' lang='lat' dir='ltr'>noiles,</span> <span class='ocrx_word' id='word_1_149' title='bbox 980 2867 1122 2970; x_wconf 71' lang='lat' dir='ltr'>quibua,</span> <span class='ocrx_word' id='word_1_150' title='bbox 1147 2873 1242 2943; x_wconf 66' lang='lat' dir='ltr'>tanti</span> 
     </span>
     <span class='ocr_line' id='line_1_22' title="bbox 268 2987 1242 3089; baseline 0.003 -29"><span class='ocrx_word' id='word_1_151' title='bbox 268 2995 297 3032; x_wconf 89' lang='lat'><strong>“</strong></span> <span class='ocrx_word' id='word_1_152' title='bbox 315 2989 393 3062; x_wconf 91' lang='lat' dir='ltr'>luce</span> <span class='ocrx_word' id='word_1_153' title='bbox 419 2988 567 3086; x_wconf 85' lang='lat' dir='ltr'>ignium,</span> <span class='ocrx_word' id='word_1_154' title='bbox 595 2987 682 3060; x_wconf 91' lang='lat' dir='ltr'>nihil</span> <span class='ocrx_word' id='word_1_155' title='bbox 710 2987 884 3061; x_wconf 92' lang='lat' dir='ltr'>inlicitum</span> <span class='ocrx_word' id='word_1_156' title='bbox 910 2990 1242 3089; x_wconf 84' lang='lat' dir='ltr'>occultariqueat.”</span> 
     </span>
     <span class='ocr_line' id='line_1_23' title="bbox 267 3086 1242 3208; baseline 0.001 -25"><span class='ocrx_word' id='word_1_157' title='bbox 267 3086 354 3183; x_wconf 62' lang='lat' dir='ltr'>San&amp;</span> <span class='ocrx_word' id='word_1_158' title='bbox 382 3109 478 3186; x_wconf 87' lang='lat' dir='ltr'>nullo</span> <span class='ocrx_word' id='word_1_159' title='bbox 495 3107 616 3206; x_wconf 75' lang='lat' dir='ltr'>insigni</span> <span class='ocrx_word' id='word_1_160' title='bbox 633 3109 938 3182; x_wconf 87' lang='lat' dir='ltr'>dehonestamento</span> <span class='ocrx_word' id='word_1_161' title='bbox 954 3109 991 3183; x_wconf 90' lang='lat' dir='ltr'>id</span> <span class='ocrx_word' id='word_1_162' title='bbox 1006 3108 1242 3208; x_wconf 69' lang='lat' dir='ltr'>spectaculum</span> 
     </span>
     <span class='ocr_line' id='line_1_24' title="bbox 267 3227 1242 3329; baseline 0.004 -29"><span class='ocrx_word' id='word_1_163' title='bbox 267 3227 409 3301; x_wconf 75' lang='lat' dir='ltr'>transiit.</span> <span class='ocrx_word' id='word_1_164' title='bbox 461 3234 525 3302; x_wconf 68' lang='lat' dir='ltr'>⁴hc</span> <span class='ocrx_word' id='word_1_165' title='bbox 559 3255 602 3301; x_wconf 91' lang='lat' dir='ltr'>ne</span> <span class='ocrx_word' id='word_1_166' title='bbox 630 3229 769 3306; x_wconf 83' lang='lat' dir='ltr'>modica</span> <span class='ocrx_word' id='word_1_167' title='bbox 795 3229 946 3328; x_wconf 89' lang='lat' dir='ltr'>&#39;quidem</span> <span class='ocrx_word' id='word_1_168' title='bbox 985 3230 1097 3305; x_wconf 89' lang='lat' dir='ltr'>studia</span> <span class='ocrx_word' id='word_1_169' title='bbox 1130 3232 1242 3329; x_wconf 85' lang='lat' dir='ltr'>plebis</span> 
     </span>
     <span class='ocr_line' id='line_1_25' title="bbox 270 3347 1241 3450; baseline 0.001 -27"><span class='ocrx_word' id='word_1_170' title='bbox 270 3351 440 3437; x_wconf 64' lang='lat' dir='ltr'>exarsere,</span> <span class='ocrx_word' id='word_1_171' title='bbox 470 3347 551 3445; x_wconf 87' lang='lat' dir='ltr'>quia</span> <span class='ocrx_word' id='word_1_172' title='bbox 576 3348 704 3422; x_wconf 86' lang='lat' dir='ltr'>redditi</span> <span class='ocrx_word' id='word_1_173' title='bbox 736 3375 953 3448; x_wconf 86' lang='lat' dir='ltr'>quamquam</span> <span class='ocrx_word' id='word_1_174' title='bbox 980 3350 1089 3426; x_wconf 80' lang='lat' dir='ltr'>scena</span> <span class='ocrx_word' id='word_1_175' title='bbox 1115 3372 1241 3450; x_wconf 87' lang='lat' dir='ltr'>panto-</span> 
     </span>
     <span class='ocr_line' id='line_1_26' title="bbox 268 3468 1306 3568; baseline 0.003 -25"><span class='ocrx_word' id='word_1_176' title='bbox 268 3469 382 3562; x_wconf 89' lang='lat' dir='ltr'>mimi,</span> <span class='ocrx_word' id='word_1_177' title='bbox 411 3468 656 3543; x_wconf 89' lang='lat' dir='ltr'>certaminibus</span> <span class='ocrx_word' id='word_1_178' title='bbox 684 3468 782 3544; x_wconf 84' lang='lat' dir='ltr'>saeris</span> <span class='ocrx_word' id='word_1_179' title='bbox 810 3471 1096 3568; x_wconf 89' lang='lat' dir='ltr'>prohibebantur.</span> <span class='ocrx_word' id='word_1_180' title='bbox 1156 3475 1242 3546; x_wconf 89' lang='lat' dir='ltr'>Elo·</span> <span class='ocrx_word' id='word_1_181' title='bbox 1303 3519 1306 3526; x_wconf 93' lang='lat'>·</span> 
     </span>
     <span class='ocr_line' id='line_1_27' title="bbox 268 3588 1243 3688; baseline 0.004 -24"><span class='ocrx_word' id='word_1_182' title='bbox 268 3590 418 3688; x_wconf 85' lang='lat' dir='ltr'>quentiae</span> <span class='ocrx_word' id='word_1_183' title='bbox 448 3588 573 3687; x_wconf 87' lang='lat' dir='ltr'>primas</span> <span class='ocrx_word' id='word_1_184' title='bbox 601 3614 706 3666; x_wconf 89' lang='lat' dir='ltr'>nemo</span> <span class='ocrx_word' id='word_1_185' title='bbox 733 3591 824 3681; x_wconf 91' lang='lat' dir='ltr'>tulit,</span> <span class='ocrx_word' id='word_1_186' title='bbox 851 3591 909 3666; x_wconf 90' lang='lat' dir='ltr'>sed</span> <span class='ocrx_word' id='word_1_187' title='bbox 937 3601 965 3636; x_wconf 90' lang='lat'><strong>“</strong></span> <span class='ocrx_word' id='word_1_188' title='bbox 979 3593 1148 3668; x_wconf 76' lang='lat' dir='ltr'>viciorem</span> <span class='ocrx_word' id='word_1_189' title='bbox 1175 3597 1243 3668; x_wconf 80' lang='lat' dir='ltr'>else</span> 
     </span>
     <span class='ocr_line' id='line_1_28' title="bbox 268 3711 1242 3812; baseline 0.001 -27"><span class='ocrx_word' id='word_1_190' title='bbox 268 3719 296 3760; x_wconf 88' lang='lat'><strong>“</strong></span> <span class='ocrx_word' id='word_1_191' title='bbox 314 3711 509 3786; x_wconf 86' lang='lat' dir='ltr'>Caesarem&#39;&#39;</span> <span class='ocrx_word' id='word_1_192' title='bbox 537 3712 805 3809; x_wconf 88' lang='lat' dir='ltr'>pronuntiatum.</span> <span class='ocrx_word' id='word_1_193' title='bbox 842 3714 958 3788; x_wconf 78' lang='lat' dir='ltr'>Graeci</span> <span class='ocrx_word' id='word_1_194' title='bbox 974 3713 1137 3804; x_wconf 76' lang='lat' dir='ltr'>amicius,¹</span> <span class='ocrx_word' id='word_1_195' title='bbox 1153 3740 1242 3812; x_wconf 77' lang='lat' dir='ltr'>quos</span> 
     </span>
     <span class='ocr_line' id='line_1_29' title="bbox 267 3832 1239 3940; baseline 0.007 -36"><span class='ocrx_word' id='word_1_196' title='bbox 267 3857 329 3940; x_wconf 89' lang='lat' dir='ltr'>per</span> <span class='ocrx_word' id='word_1_197' title='bbox 345 3857 402 3907; x_wconf 88' lang='lat' dir='ltr'>eos</span> <span class='ocrx_word' id='word_1_198' title='bbox 419 3832 492 3907; x_wconf 89' lang='lat' dir='ltr'>dies</span> <span class='ocrx_word' id='word_1_199' title='bbox 508 3832 666 3932; x_wconf 90' lang='lat' dir='ltr'>plerique</span> <span class='ocrx_word' id='word_1_200' title='bbox 682 3833 893 3928; x_wconf 85' lang='lat' dir='ltr'>incesserant,</span> <span class='ocrx_word' id='word_1_201' title='bbox 911 3855 988 3910; x_wconf 92' lang='lat' dir='ltr'>tum</span> <span class='ocrx_word' id='word_1_202' title='bbox 1006 3833 1239 3920; x_wconf 80' lang='lat' dir='ltr'>exoleverant.</span> 
     </span>
    </p>
   </div>
   <div class='ocr_carea' id='block_1_5' title="bbox 0 0 1568 4864">
    <p class='ocr_par' dir='ltr' id='par_1_5' title="bbox 0 0 1568 4864">
     <span class='ocr_line' id='line_1_30' title="bbox 0 0 1568 4864; baseline 0 1"><span class='ocrx_word' id='word_1_203' title='bbox 0 0 1568 4864; x_wconf 95' lang='lat' dir='ltr'> </span> 
     </span>
    </p>
   </div>
  </div>
 </body>
</html>
