3006 4866
348 353 423 456 306
579 337 1158 457 C.C'ttrtunr.1rTacrr'r

353 535 449 609 lacus
472 530 594 604 haurit.
645 533 806 604 Arcanos
828 527 911 604 hinc
926 545 1049 621 terror,
1074 519 1268 628 sanciaque‘
1281 527 1356 630 ig-

353 652 522 742 norantia,
537 650 625 750 quid
641 655 679 725 srt
696 651 748 742 id,
763 651 860 750 quod
874 652 1014 725 tantum
1028 649 1171 746 perituri
1185 649 1334 726 vident.

341 825 347 836 ·
399 775 501 848 XLI.
528 761 585 846 Er
603 773 680 846 haec
698 772 843 870 quidem
862 796 941 871 pars
964 771 1151 846 suevorum
1176 769 1215 843 in
1231 767 1351 845 secre-

349 893 436 968 tiora
454 893 651 968 Germaniae
669 891 871 992 porrigitur.
922 893 1072 992 Propior
1092 895 1150 988 (ut
1167 917 1241 990 quo
1259 917 1351 966 rno-

350 1018 400 1091 do
425 1017 544 1116 paullo
568 1013 648 1088 ante
666 1015 854 1106 Rhenum,
881 1019 925 1088 fic
953 1041 1047 1090 nunc
1064 1001 1273 1100 Danubium
1290 1011 1347 1086 se-

350 1141 458 1237 quar)
500 1137 832 1213 Hermundurorum
863 1135 998 1228 cIvitas,
1036 1137 1108 1211 fida
1149 1125 1347 1227 Romanis,

353 1260 468 1359 eoque
495 1257 574 1332 solis
608 1246 868 1337 Germanorum
894 1281 965 1331 non
994 1256 1031 1332 in
1059 1257 1133 1354 ripa
1164 1279 1346 1330 commer-

352 1381 467 1472 cium,
496 1378 554 1454 sed
571 1380 721 1477 penitus,
751 1397 857 1477 atque
877 1377 914 1452 in
930 1376 1198 1475 splendidiffima
1216 1373 1345 1451 Raetiae

355 1503 545 1603 provinciae
570 1499 724 1575 colonia:
757 1491 929 1598 passim&
954 1502 1023 1572 fine
1040 1499 1184 1574 custode
1209 1497 1341 1572 transe-

352 1645 440 1709 unt;
461 1628 494 1696 a
512 1621 594 1695 cum
610 1621 730 1695 ceteris
748 1620 910 1718 gentibus
927 1645 1024 1694 arma
1036 1619 1146 1693 modb
1161 1619 1343 1717 castraque

354 1743 470 1815 nostra
493 1737 726 1830 ostendamus,
752 1740 805 1812 his
828 1740 970 1830 domos,
989 1739 1159 1838 villasque
1176 1736 1339 1838 patefeci·

353 1887 446 1952 mus,
466 1885 537 1937 non
554 1859 887 1961 concupiscentibus.
934 1864 979 1934 In
992 1861 1254 1936 Hermunduris
1269 1862 1341 1934 Al-

355 1982 408 2056 bis
426 1981 546 2071 oritur,
565 1981 699 2054 flumen
725 1979 886 2054 inclitum
903 1985 937 2055 δι
954 2001 1080 2058 notum
1103 1983 1213 2071 oIim3
1240 2007 1341 2058 nunc

251 2179 255 2192 ,
357 2103 492 2178 tanturn
512 2085 662 2175 auditur.

406 2227 525 2299 XLII.
551 2226 687 2318 Juxrn
700 2224 973 2299 Hermunduros
989 2221 1139 2317 Narisci,
1157 2249 1194 2299 ac
1208 2221 1340 2297 deinde

354 2344 602 2422 Marcomanni
625 2343 659 2414 dt
684 2344 803 2442 Qadi
817 2365 946 2443 agunt.
995 2345 1177 2443 Praecipua
1192 2347 1336 2418 Marco-

356 2488 566 2540 mannomm
584 2463 696 2562 gloria
712 2465 882 2564 viresque,
899 2486 1005 2565 atque
1023 2466 1092 2564 ipsa
1109 2466 1212 2539 etiarn
1228 2463 1336 2556 sodes,

356 2588 460 2685 pulsis
477 2585 563 2658 olim
580 2584 686 2676 Boiis,
700 2585 830 2659 virtute
841 2607 947 2685 parta.
997 2590 1035 2661 N
1037 2613 1076 2661 ec
1088 2585 1222 2662 Narisci
1238 2589 1336 2683 Qra-

355 2708 439 2785 dive
463 2709 701 2804 degenerant.‘
740 2710 864 2806 anue
888 2709 1087 2782 Germania
1115 2687 1210 2792 veIut
1241 2704 1335 2779 from

355 2829 419 2920 est,
449 2849 617 2927 quatenus
646 2829 814 2902 Danubio
842 2831 1008 2928 pergitur.
1058 2826 1332 2918 Marcomannis,

354 2949 558 3048 Qadisque
597 2947 706 3048 usque
738 2952 783 3023 ad
812 2949 963 3024 nostram
996 2951 1202 3025 memoriam
1240 2971 1334 3044 reges

321 3082 326 3100 ⁸
357 3071 565 3162 mansemnt,
591 3097 635 3146 err
662 3089 765 3169 gente
786 3069 952 3168 ipsorum,
979 3072 1097 3146 nobii'e
1122 3067 1332 3145 Marobodui

357 3196 391 3263 δι
408 3193 521 3264 Tudri
546 3217 679 3290 genus:
704 3188 780 3289 jam
803 3196 837 3266 ὅτ
859 3213 1018 3266 externos
1036 3192 1221 3291 patiuntur.
1267 3191 1332 3264 Sed

356 3309 409 3382 vis
438 3317 472 3383 δι
498 3312 650 3408 potentia
671 3311 825 3412 regibus,
851 3337 897 3386 ex
911 3314 1124 3406 auctoritate
1147 3313 1328 3387 Romana:

355 3430 433 3503 rard
458 3432 561 3505 armis
577 3433 715 3524 nostris,
739 3432 860 3531 saepiits
877 3433 1023 3532 pecunia
1034 3433 1213 3532 juvantur.

406 3553 541 3626 XLIII.
567 3556 605 3626 N
610 3580 654 3627 uc
671 3553 791 3628 ‘minus
808 3555 926 3630 valent
942 3574 1033 3628 retro
1048 3555 1235 3653 Marsrgni,
1261 3555 1329 3628 Go-

356 3672 458 3764 thini,
477 3676 549 3764 Osr,
568 3673 684 3747 Burii:
711 3695 808 3774 terga
823 3679 1174 3766 Marcomannorum,
1190 3677 1328 3773 Quado-

357 3797 503 3893 rumtme
520 3796 710 3879 claudunt:
732 3821 753 3869 e
770 3795 898 3895 quibus
913 3797 1098 3897 Marfigni,
1118 3802 1151 3870 81
1165 3795 1287 3870 Ruriis
1312 3840 1329 3856 ·
