3120 4860
423 389 720 460 nnanrrun
755 386 864 466 Lrs.
887 385 987 458 XVI.
1135 387 1204 484 2⁶5

119 547 122 552 ⁵
236 565 265 634 f‘
282 583 344 657 per
368 584 476 634 annos
498 557 706 632 continuum
729 557 810 634 vitae
826 557 996 631 ‘ordinem
1013 580 1085 630 non
1112 554 1208 628 dese·

235 686 264 730 “
280 680 450 755 rendum:
477 678 527 752 illi
544 678 682 752 initium
699 678 976 777 magistratuum,
1007 681 1039 750 ἃ
1058 675 1207 774 integra,

235 806 262 850 ‘⁶
282 826 359 897 quae
385 797 557 896 superstat.
605 799 768 872 Multum
791 798 869 871 ante
892 797 1009 872 secum
1033 796 1210 892 expende*

234 929 262 978 -“
279 942 346 1010 ret,
369 921 465 1017 quod
478 919 537 992 tali
552 918 589 994 in
606 938 764 1016 tempore
776 919 990 1016 capessendae
1009 905 1209 1015 reipublicae'

233 1041 343 1114 “iter
370 1040 643 1138 ingrederetur.'’
709 1040 874 1114 Ceterum
899 1037 984 1136 ipse,
1018 1065 1063 1111 an
1091 1036 1210 1114 venire

232 1161 270 1248 in
283 1160 440 1234 senatum
456 1160 604 1248 deceret,
623 1159 839 1232 meditationi
855 1157 921 1234 suae
939 1156 1089 1256 reliquit.

282 1283 436 1370 XXVII.
462 1285 522 1354 Ar
549 1278 678 1376 posterd
694 1281 786 1368 luce,
805 1281 884 1352 duae
903 1277 1070 1374 praetoriae
1088 1279 1211 1369 cohor·

233 1421 284 1484 tes
301 1420 454 1489 armatae,
479 1401 658 1496 ternplum
676 1399 857 1500 genetricis
881 1397 1024 1471 Veneris
1050 1396 1214 1478 insedere,

233 1503 386 1596 'Aditum
409 1519 542 1594 senatsts
566 1521 692 1618 globus
708 1540 908 1618 togatorum
924 1517 1115 1606 obsederat,
1141 1538 1213 1598 nort

234 1641 380 1716 occultis
404 1639 553 1738 gladiis:
582 1637 788 1738 dispersique
811 1666 871 1736 per
896 1639 970 1713 fora
996 1666 1037 1714 ac
1060 1639 1213 1720 basilicas
1320 1655 1322 1659 “

233 1761 335 1837 cunei
356 1760 544 1846 militares;
569 1759 658 1832 inter
683 1786 834 1858 quorum
863 1759 1017 1857 aspedius
1043 1765 1077 1833 sc
1103 1757 1213 1832 minas

232 1884 367 1981 ingressi
390 1879 521 1956 curiam
537 1878 720 1953 senatores.
772 1883 819 1962 Et
841 1880 949 1953 oratio
969 1879 1138 1976 Principis
1153 1901 1214 1976 pet

232 2003 438 2101 quaestorem
466 1997 542 2098 ejus
568 1999 686 2071 audita
708 1999 768 2070 est.
818 1999 972 2070 Nemine
1003 2000 1214 2074 nominatim
1268 2027 1272 2046 ¹

230 2124 460 2220 compellam,
479 2138 592 2216 patres
606 2119 789 2215 arguebat,
815 2123 842 2205 ‘f
862 2117 958 2214 qudd
976 2118 1116 2214 publica
1136 2145 1213 2191 mu-

234 2244 338 2316 “nia
359 2239 565 2326 desererent,
591 2263 783 2340 eorumque
800 2238 963 2334 exemplo
981 2236 1114 2334 equites
1137 2241 1214 2311 Ro

233 2361 373 2436 “mani
397 2360 444 2432 ad
472 2357 653 2456 segnitiam
677 2377 901 2430 verterentur.
952 2355 1108 2448 Etenim,
1128 2358 1215 2455 quid
1325 2392 1326 2395 ¹

119 2504 123 2510 ·
236 2493 263 2528 “
281 2483 412 2556 mirum
425 2505 444 2554 e
456 2478 659 2578 longinquis
673 2477 861 2576 provinciis
877 2479 970 2552 haud
982 2469 1113 2568 ¹veniri,
1131 2481 1214 2556 cunt

235 2611 263 2664 s‘
284 2603 442 2702 plerique
460 2598 578 2696 adepti
603 2597 879 2674 consulatum&
903 2597 1102 2689 sacerdotia,
1129 2602 1209 2674 hor·
1279 2633 1290 2650 ·=

236 2735 264 2772 “
283 2746 400 2798 torum
417 2720 533 2818 potius
555 2719 749 2793 amoenitati
766 2717 965 2795 inservirent
977 2723 1015 2792 ?”
1037 2721 1136 2816 quod
1152 2741 1212 2793 ve·

234 2850 286 2922 lut
303 2847 411 2918 telum
424 2841 601 2937 arripuere
617 2839 837 2914 accusatores.
1083 2816 1089 2832 ⁶

283 2965 454 3042 XXVlll.
482 2964 538 3036 Er
564 2960 703 3034 initium
726 2959 875 3036 faciente
899 2961 1115 3053 Cossutiano,
1138 2989 1213 3036 ma·

229 3089 308 3189 jore
329 3085 364 3159 vi
389 3084 593 3173 Marcellus,
620 3080 837 3156 “summam
861 3081 1112 3178 rempublicam
1130 3083 1214 3182 agi”

234 3206 460 3286 clamitabat:
499 3209 526 3246 “
551 3203 774 3277 contumacis
795 3201 1012 3292 inferiorum,
1036 3201 1215 3277 lenitatem

234 3323 506 3430 “imperitantis
535 3323 703 3398 deminui.
754 3322 916 3408 Nimium
941 3321 1041 3396 mites
1066 3324 1215 3398 adeam

235 3449 377 3524 “diem
407 3464 533 3542 patres,
559 3443 620 3541 qui
648 3442 836 3517 Thraseam
860 3441 1116 3534 desciscentem,
1152 3447 1214 3544 qui

233 3582 260 3628 ‘¹
284 3591 453 3672 generum
480 3562 568 3662 ejus,
595 3564 815 3638 Helvidium
832 3544 1003 3654 Priscum,
1031 3563 1067 3636 in
1092 3565 1214 3640 iisdem

235 3704 263 3754 t‘
282 3687 613 3776 furoribus‚.s1mul
641 3683 832 3762 Paconium
864 3683 1116 3782 Agrippinum,
1154 3713 1214 3784 pa·

236 3829 263 3884 t‘
281 3821 366 3913 terni
396 3815 432 3888 in
454 3805 631 3912 Principes
661 3804 732 3880 odii
766 3806 943 3908 heredem,
984 3809 1016 3880 &
1054 3805 1214 3886 Curtium
