3006 4866
573 501 969 586 Aonrconm
1192 535 1261 612 35

254 669 425 772 metum.
474 675 561 784 Satis
590 681 783 772 constabat,
808 681 898 756 tecto
925 679 1130 756 testamento
1155 685 1261 783 Agri-

241 875 242 878 ,
275 801 379 892 colae,
409 824 482 896 quo
509 801 719 876 coheredem
749 801 891 899 optimae
917 802 1079 876 uxori&
1105 802 1259 900 piiffimae

276 919 359 991 filiae
394 914 637 994 Domitianum
669 921 812 1020 scrip'fit,
850 925 1005 997 laetatum
1032 949 1128 1013 eum,
1163 923 1261 1014 velut

275 1039 409 1112 honore
436 1038 659 1139 judicioque:
695 1063 767 1116 tam
796 1069 888 1116 caeca
910 1049 943 1117 δι
976 1035 1137 1142 corrupta
1160 1070 1260 1117 mens

275 1157 413 1234 affiduis
450 1161 707 1236 adulationibus
743 1183 828 1252 erat,
864 1182 903 1235 ut
936 1163 1076 1236 nesciret
1108 1190 1129 1237 a
1161 1168 1258 1239 bono

275 1300 372 1378 patre
388 1305 462 1355 non
478 1279 578 1356 scribi
595 1283 772 1374 heredem,
802 1283 863 1356 nisr
883 1283 1018 1355 malum
1035 1264 1246 1382 Principem·

273 1383 279 1392 ⁵
323 1403 470 1475 XLIV.·
484 1405 626 1476 NArus
639 1424 710 1476 erat
727 1403 907 1502 Agricola,
925 1401 1013 1476 Caio
1025 1401 1169 1494 Caesare,
1188 1425 1257 1477 ter·

272 1521 380 1596 tium:
399 1522 550 1614 consule,
589 1523 711 1598 Idibus
744 1507 884 1618 Juniis':
921 1521 1058 1595 excellit
1093 1521 1188 1596 sexto
1223 1531 1257 1598 δι

273 1643 563 1742 quinquagesrmo
587 1671 695 1735 ann0‚
731 1645 869 1746 decimo
896 1645 1070 1718 Kalehdas
1100 1646 1258 1741 Septem-

170 1835 173 1850 ,
274 1765 367 1856 bres,
392 1767 540 1864 Collegi
564 1765 751 1862 Priscoque
768 1763 978 1838 consulibus.
1028 1763 1137 1862 Qrdd
1156 1767 1256 1838 siha-

270 1885 385 1960 bitum
409 1911 551 1984 quoque
573 1883 646 1981 ejus
672 1882 798 1980 posteri
814 1880 952 1956 noscere
974 1883 1098 1972 velint,
1128 1885 1255 1958 decen·

271 2005 471 2099 tior-quam
495 2001 674 2075 sublimior
695 2000 786 2076 fuit:
817 2001 905 2098 nihil
934 2003 1046 2074 metbs
1068 2001 1105 2074 in
1130 2005 1254 2078 vultur

246 2221 249 2226 Ι
274 2119 469 2221 gratiaoris
495 2111 692 2218 superorare
720 2125 856 2196 bonum
873 2121 988 2195 virum
1017 2121 1117 2194 facile}
1134 2125 1255 2196 crede-

250 2245 338 2333 res,
369 2265 541 2340 magnum
570 2235 728 2315 libenter.
780 2245 828 2315 Et
850 2241 921 2340 ipse
943 2241 1101 2339 quidem,
1129 2267 1254 2338 quam-

271 2387 380 2460 quam
393 2361 510 2434 medio
526 2360 562 2434 in
578 2360 685 2460 spatio
698 2362 843 2460 integra
856 2361 965 2436 aetatis
975 2380 1124 2458 ereptus,
1144 2387 1254 2459 quan·

218 2554 221 2560 .
271 2483 349 2560 tum
385 2483 430 2556 ad
480 2481 641 2580 gloriam,
687 2481 923 2582 longissimum
956 2509 1074 2556 aevum
1107 2482 1252 2581 peregit.

269 2603 414 2702 Qrippe
431 2606 465 2676 dt
482 2627 563 2675 vera
580 2604 686 2692 bona,
710 2630 790 2702 quae
817 2602 853 2675 in
872 2602 1057 2676 virtutibus
1074 2605 1132 2676 srta
1158 2601 1251 2693 sunt,

267 2724 498 2821 impleverat3
528 2726 562 2795 ὅτ
590 2722 830 2800 consularibus.
845 2749 885 2796 ac
909 2722 1173 2819 triumphalibus
1195 2751 1250 2797 or-

160 2903 162 2912 ,
266 2843 441 2918 namentis
470 2843 629 2941 praedito,
670 2842 758 2940 quid
789 2842 884 2916 aliud
912 2841 1084 2915 adstruere
1113 2841 1253 2918 fortuna

137 2980 140 2986 ·
178 3006 180 3010 -
269 2969 431 3064 poterat?
458 2963 596 3062 Opibus
622 2963 739 3068 nimiis
766 2988 835 3036 non
863 2964 1060 3064 gaudebat3
1094 2961 1251 3060 speciosae

267 3085 512 3185 contigerant:
531 3084 603 3158 filit
619 3105 725 3183 atque
741 3110 849 3158 uxore
865 3083 1112 3182 superstitibus,
1138 3084 1252 3179 potest

237 3232 253 3242 ·
268 3205 379 3279 videri
406 3205 510 3280 etiarn
533 3207 666 3295 beatus,
695 3204 865 3278 incolumi
888 3203 1075 3302 dignitate,
1106 3206 1251 3278 florente

267 3323 375 3415 fama,
404 3325 503 3400 salvis
527 3323 765 3398 adfinitatibus
794 3329 827 3398 δε
856 3321 1031 3413 amicitiis,
1061 3321 1174 3398 sutura
1199 3324 1249 3397 ef*

267 3441 400 3541 fugisse.
450 3447 547 3518 Nam
564 3445 661 3517 ficutl
692 3445 814 3518 durare
830 3443 866 3516 in
894 3445 959 3517 hac
985 3445 1165 3518 beatissimi
1190 3443 1262 3524 sae·,

268 3563 339 3640 culi
367 3564 457 3653 luce,
489 3589 528 3636 ac
552 3563 749 3661 Principem
777 3562 970 3662 Trajanum
997 3565 1128 3653 videre,
1152 3563 1250 3660 quod

267 3682 415 3783 augurio
452 3681 608 3781 votisque
641 3685 736 3780 apud
774 3681 912 3774 nostras'
938 3704 1034 3757 aures
1067 3682 1259 3758 ominaba-‘

183 3861 186 3874 .
268 3824 345 3878 tur:
378 3802 426 3880 ita
458 3801 623 3880 festinatae
653 3803 773 3877 mortis
806 3805 936 3900 grande
968 3802 1126 3878 solatium
1155 3801 1246 3892 tulit,

730 3927 811 3998 Aa
