3120 4860
343 356 347 370 ⁴
410 379 966 454 Anunrruanra.XV.
1036 447 1039 453 .
1127 326 1199 478 23r

231 567 261 607 “
277 558 441 650 reditum,
473 558 531 634 sed
549 558 681 632 flexisse
697 559 742 632 ad
759 557 907 632 Fenium
925 553 1141 655 praefettum,
1155 559 1202 630 «δι

228 661 260 724 11
278 679 439 777 expositis
467 677 609 755 Caelaris
630 676 741 777 juliis,
772 705 815 752 an
832 676 1125 775 obtemperaret,”
1148 675 1203 748 in-

229 800 477 900 terrogaviffe:
509 801 753 898 monitumque
775 803 820 874 ab
846 826 902 891 eo,
929 806 1010 872 “ut
1036 793 1204 892 exseque-

231 928 259 963 “
279 942 374 996 retur
388 925 424 1008 ;''
456 921 550 995 fatali
568 920 726 994 omnium
743 920 894 1020 ignavia
943 921 1040 992 Nam
1070 921 1104 990 &
1135 915 1203 997 Sil

231 1066 341 1117 vanus
363 1041 454 1123 inter
482 1039 677 1139 conjuratos
707 1061 790 1130 erat,
819 1043 1038 1140 augebatque
1063 1037 1204 1128 scelera,

231 1161 268 1246 in
297 1187 451 1258 quorum
478 1162 648 1238 ultionem
679 1159 901 1242 consenserat.
962 1158 1052 1232 Voci
1086 1179 1208 1235 tamen

233 1281 437 1378 &aspectui
468 1281 647 1380 pepercit:
684 1280 932 1377 intromisitque
963 1281 1009 1354 ad
1039 1280 1207 1354 Senecam

135 1465 140 1474 .
229 1426 345 1482 unum
372 1427 416 1475 ex
445 1401 716 1492 centurionibus,
744 1400 805 1499 qui
833 1408 859 1446 “
878 1403 1110 1482 neceffitatem
1125 1399 1206 1474 ulti·

235 1527 263 1568 “
280 1524 401 1595 mam'’
422 1511 649 1614 denuntiaret.
1086 1509 1087 1514 ¹
1195 1591 1196 1594 ,

280 1641 398 1722 LXII.
423 1643 516 1715 Irin
547 1642 719 1718 interritus
749 1641 859 1742 poscit
888 1640 1128 1716 “testamenti
1155 1660 1208 1713 ta·

234 1769 261 1806 “
280 1763 378 1838 bulas
394 1763 430 1834 :''
467 1787 507 1836 ac
546 1765 741 1860 denegante
769 1763 986 1853 centurione,
1020 1760 1208 1838 conversus

232 1884 277 1962 ad
294 1883 437 1973 amicos,
469 1892 497 1926 “
516 1885 657 1982 quando
682 1882 813 1958 meritis
830 1909 955 1964 eorum
980 1883 1104 1963 referre
1128 1909 1207 1982 gra..

226 2011 259 2080 .“
278 2004 362 2076 tiam
392 2005 606 2100 prohibetur,
634 2004 731 2101 quod
758 2029 871 2078 unum
896 2001 987 2098 jarn,
1022 2008 1056 2074 δι
1091 2021 1209 2078 tamen

233 2131 260 2176 “
279 2125 553 2222 pulcherrimum
571 2127 710 2210 habeat,
734 2122 925 2222 imaginem
950 2122 1039 2234 vitae!
1061 2121 1128 2196 suae
1155 2151 1208 2197 re*
1288 2193 1293 2202 ,
1379 2112 1380 2120 ¹

233 2254 261 2300 ‘⁶
278 2248 433 2342 linquere
449 2243 613 2317 testatur:
640 2242 736 2342 cujus
754 2247 776 2316 sr
794 2267 963 2316 memores
981 2244 1209 2316 ersentbona,

233 2375 261 2418 ‘⁴
280 2393 357 2440 rum
387 2366 526 2453 artium,
550 2362 680 2436 famam
717 2383 793 2462 tam
831 2361 1020 2436 constantis
1048 2361 1213 2443 amicitia
1317 2393 1318 2397 ¹

139 2583 144 2588 ,
186 2511 189 2517 ·
233 2494 263 2536 “
281 2488 445 2560 laturos.'’
503 2485 617 2560 Simul
652 2483 808 2560 lacrimas
836 2495 969 2574 eorum,
1002 2481 1112 2560 modo
1140 2481 1207 2558 ser-

196 2601 201 2608 ’
232 2631 352 2700 mone,
383 2607 492 2682 modb
517 2605 681 2680 intentior
705 2605 742 2688 in
771 2606 918 2680 modum
934 2604 1137 2694 coercentis,
1162 2604 1211 2682 ad

232 2729 488 2834 firmitudinem
505 2749 659 2818 revocat,
687 2727 862 2826 rogitans:
897 2725 1018 2800 “Ubi
1040 2744 1212 2823 pracepta

234 2856 261 2898 “
280 2850 478 2948 sapientia?
511 2850 573 2934 ubi
590 2869 720 2946 totper
735 2872 843 2921 annos
862 2845 1029 2920 meditata
1046 2845 1132 2920 ratio
1147 2847 1210 2921 ad·
1260 2913 1262 2917 ,

234 2976 263 3013 “
282 2973 421 3046 versum
442 2971 685 3048 imminentia?
718 2969 784 3044 Cui
808 2967 905 3048 enirn
927 2968 1085 3068 ignaram
1111 2967 1211 3041 fuiffe

235 3090 446 3165 “saevitiam
467 3091 644 3166 Neronis?
672 3091 799 3189 Neque
827 3089 922 3163 aliud
950 3087 1115 3186 superesse
1133 3088 1212 3186 post

134 3307 137 3315 r
236 3218 264 3262 “
284 3232 443 3302 matrem,
456 3211 665 3311 fratremque
688 3211 900 3301 interfectos,
926 3210 1033 3308 quim
1058 3231 1098 3284 ut
1119 3211 1209 3286 edu·

236 3331 408 3406 “catoris
434 3332 720 3431 praceptorisque
745 3357 866 3413 necem
891 3330 1087 3430 adjiceret.’'

284 3454 421 3530 LXIII.
458 3455 538 3528 Uar
557 3457 633 3530 hac
650 3475 755 3553 atque
771 3453 853 3528 talia
870 3453 1111 3526 incommune
1143 3452 1216 3533 dis:

236 3571 354 3664 seruit,
384 3574 625 3672 compleEtitur
648 3599 821 3660 uxorem3
860 3579 893 3650 br
924 3575 1120 3672 paullulum
1150 3577 1237 3648 adv

236 3697 355 3770 verslrs
372 3692 573 3793 prasentem
588 3687 814 3771 formidinem
830 3694 985 3782 molitus,
1005 3715 1106 3794 rogat
1116 3714 1211 3767 orat.-

239 3840 321 3929 que,
350 3823 377 3860 “
394 3837 597 3924 temperaret
613 3815 790 3906 dolorem,
817 3841 861 3890 ne
878 3833 1048 3899 aeternum
1065 3813 1210 3910 suscipe·
