3126 4864
427 403 1005 483 Anrrr1unL1n.xl11.
1163 405 1230 500 107

237 576 362 692 ¹tibus,
392 589 476 656 “ut
498 605 602 682 aequo
624 608 706 656 cum
730 581 878 679 patronis
888 580 968 680 jure
983 597 1138 678 agerent,
1149 577 1230 651 sena

256 711 284 748 “
302 703 449 778 tentiam
472 730 594 779 eorum
612 701 854 793 consultarent,
883 729 923 776 ac
940 697 1141 775 verberibus
1157 725 1232 771 ma⁴

256 833 283 869 “
302 853 367 899 nus
395 828 487 923 ultro
510 824 742 914 intenderent,
763 823 985 920 impudenter
1006 823 1062 894 vel
1087 843 1232 918 poenam

258 953 285 988 “
303 945 402 1020 suam
430 947 672 1018 dissuadentes.
726 943 825 1040 Qtid
841 943 936 1016 enim
953 943 1046 1015 aliud
1074 940 1152 1014 laeso
1170 967 1232 1038 pa·

259 1073 409 1140 “trono
433 1066 646 1153 concessum,
665 1065 772 1160 quim
789 1084 827 1136 ut
851 1063 1052 1137 vicefimum
1073 1061 1162 1136 ultra
1184 1065 1233 1134 la⁴

260 1193 288 1230 “
307 1187 440 1284 pidem,
470 1185 507 1257 in
534 1211 633 1258 oram
662 1184 862 1280 Campaniae
890 1183 1053 1258 libertum
1075 1185 1235 1282 releget?

259 1313 287 1350 “
305 1309 445 1380 Ceteras
461 1303 610 1378 astiones
632 1295 893 1402 promiscuas&
912 1329 1009 1402 pares
1025 1307 1102 1378 else.
1151 1305 1235 1376 Tri-

261 1434 290 1470 “
308 1427 489 1500 buendum
513 1425 656 1522 aliquod
678 1426 803 1516 telum,
827 1428 925 1523 quod
950 1424 1061 1522 sperni
1077 1447 1237 1522 nequeat,

262 1547 290 1590 “
307 1549 346 1618 N
348 1572 387 1618 ec
403 1571 510 1644 grave
527 1545 752 1636 manumissis,
772 1547 945 1642 peridem
962 1545 1169 1645 obsequium
1184 1571 1237 1620 re-

260 1673 288 1708 “
308 1665 441 1738 tinendi
459 1666 665 1755 libertatern,
694 1687 757 1763 pet
774 1667 871 1764 quod
889 1665 1038 1741 adsecuti
1060 1671 1136 1741 fint.
1187 1673 1237 1741 At

260 1794 288 1830 “
307 1787 492 1860 criminum
518 1784 729 1877 manifestos,
749 1786 872 1860 merito
893 1789 939 1861 ad
964 1787 1163 1863 servitutem
1185 1814 1238 1863 re*

261 1914 289 1951 “
307 1908 418 1994 trahi3
445 1928 484 1981 ut
502 1929 599 1981 metu
612 1914 850 1998 coerceantur,
869 1891 957 2005 quoi
980 1911 1150 1986 beneficia
1166 1937 1238 1984 non

261 2035 290 2071 “
308 2029 564 2102 mutaviffent.’'

309 2151 466 2224 XXVII.
491 2149 801 2221 Drssartnnnron
816 2145 964 2230 contrb3
993 2153 1021 2188 “
1040 2149 1238 2226 Paucorum

260 2279 288 2372 ‘.‘
308 2273 450 2366 culpam
472 2267 551 2363 ipfis
573 2262 753 2337 exitiosam
766 2266 841 2338 *effe
864 2265 1013 2338 debere:
1047 2266 1134 2339 nihil
1160 2272 1237 2343 uni-

262 2386 485 2462 “versorum
507 2385 577 2485 juri
595 2385 856 2484 derogandumt
885 2384 1018 2484 quippe
1040 2387 1108 2460 late
1126 2385 1241 2463 susum

262 2491 290 2553 ι(
309 2509 345 2582 id
375 2533 510 2606 corpus.
560 2509 659 2582 Hinc
677 2507 885 2605 plerumque
916 2507 1039 2598 tribus,
1069 2509 1242 2602 decurias,

262 2610 496 2704 “ministeria
526 2627 787 2728 magistratibus
822 2634 855 2702 δι
895 2627 1144 2722 sacerdoribus,
1180 2657 1240 2703 co·

262 2757 291 2796 “
310 2755 430 2825 hortes
455 2751 560 2825 etiam
578 2751 614 2823 in
636 2752 738 2823 Urbe
760 2747 997 2847 conscriptas:
1018 2755 1051 2825 δι
1081 2752 1241 2850 plurimis

213 2875 215 2881 ’
263 2879 290 2915 “
310 2872 482 2968 equitum,
528 2870 697 2969 plerisque
726 2869 951 2961 senatoribus,
997 2897 1068 2945 non
1102 2873 1244 2948 aliunde

264 3000 292 3036 ‘⁴
308 2991 481 3090 originem
498 2993 599 3064 trahi.
649 2991 683 3065 Si
699 2992 932 3090 separarentur
948 2993 1111 3083 libertini,
1130 2999 1242 3068 mani·

265 3121 293 3157 ‘⁶
312 3110 432 3186 sestam
448 3110 522 3184 sore
544 3111 721 3207 penuriam
743 3112 1001 3210 ingenuorum:
1026 3140 1097 3187 non
1121 3113 1245 3190 frustra

182 3257 185 3266 ·
265 3241 294 3277 “
312 3229 472 3329 majores,
491 3232 574 3304 cum
598 3230 805 3330 dignitatem
834 3231 997 3311 ordinum
1030 3235 1242 3328 dividerent,
1311 3327 1313 3332 Ι

264 3354 506 3428 “libertatem
549 3351 586 3424 in
625 3354 805 3426 communi
847 3353 1002 3466 posuisse.
1075 3358 1174 3456 Qtin
1207 3363 1242 3431 dt

264 3473 582 3549 “manumittendi
613 3474 697 3546 duas
720 3473 850 3571 species
871 3475 1055 3566 institutas,
1083 3498 1122 3550 ut
1139 3477 1242 3551 relin-

267 3605 293 3640 “
313 3617 476 3695 queretur
493 3591 715 3692 paenitentiae,
746 3615 804 3667 aut
821 3619 916 3668 novo
941 3597 1114 3670 beneficio
1131 3599 1241 3673 locust
1311 3571 1315 3580 A

269 3723 298 3762 “
317 3716 418 3814 Qos
436 3713 591 3788 vinditio
618 3734 782 3812 patronus
812 3741 884 3790 non
913 3709 1120 3810 liberaverit,
1145 3723 1243 3793 velut

268 3837 454 3930 “vinculo
480 3834 652 3910 servituris
674 3833 821 3909 attineri.
881 3835 1073 3934 Dispiceret
1102 3839 1250 3937 quisque
