3126 4864
342 367 410 436 sss
532 363 572 432 C.
614 359 876 432 Conuenrt
918 357 1119 433 Taeter

341 539 369 576 “
385 529 642 619 vendidissetve,
661 528 804 627 perinde
821 530 926 628 poenl
946 547 1129 620 teneretur,
1152 551 1191 602 ac
1212 530 1306 627 pub-

342 657 369 692 “
384 648 454 720 lico
468 646 604 744 judicio
629 650 814 724 calumniae
838 650 1123 724 condemnatus.”

393 769 511 847 XLII.
549 771 675 842 Hnuo
698 771 809 846 multis
837 769 928 868 pbst,
959 769 1160 868 praeseslum
1179 768 1305 860 Urbis,

336 887 527 960 Pedanium
556 890 768 982 Secundum,
814 889 927 964 servus
971 890 1073 988 ipsius
1111 887 1304 964 interfecit:

335 1005 393 1078 seu
410 1012 535 1105 negata
552 1009 722 1102 libertate,
751 1011 807 1085 cui
835 1011 984 1109 pretium
1014 1011 1211 1110 pepigeram
1235 1013 1305 1084 sive

334 1151 453 1200 amore
469 1130 597 1203 exoleti
612 1129 775 1222 infensus,
800 1136 834 1205 δι
851 1131 1036 1206 dominum
1053 1133 1216 1204 aemulum
1232 1155 1305 1203 non

335 1249 497 1322 tolerans.
547 1251 711 1326 Ceterlrm
740 1253 835 1342 curn,
863 1273 979 1326 vetere
999 1275 1043 1324 ex
1067 1273 1176 1340 more,
1201 1249 1301 1324 sami-

335 1367 420 1442 liam
436 1396 594 1463 omnem,
618 1397 696 1470 quae
712 1371 776 1446 sub
788 1373 913 1445 eodem
937 1374 1028 1446 testo
1054 1375 1304 1459 mansitaverat,

334 1491 379 1562 ad
396 1490 601 1588 supplicium
618 1492 674 1586 agi
690 1509 875 1586 oporteret,
895 1473 1059 1562 concursu
1076 1489 1202 1584 plebis,
1225 1515 1305 1586 quae
1329 1469 1331 1476 Ι

334 1627 385 1680 tot
401 1608 562 1682 innoxios
579 1611 794 1704 protegebat,
812 1605 919 1704 usque
937 1609 982 1680 ad
999 1605 1202 1680 seditionem
1219 1633 1306 1682 ven·

333 1746 410 1797 tum
440 1726 512 1796 est:
551 1723 737 1824 senatuque
760 1725 797 1797 in
818 1723 892 1821 ipso
913 1745 1009 1798 erant
1028 1725 1141 1798 studia
1160 1723 1307 1800 nimiam
1379 1733 1382 1735 ’

332 1841 544 1916 severitatem
571 1843 838 1942 aspernantium,
870 1844 1028 1942 pluribus
1057 1843 1143 1916 nihil
1165 1863 1305 1920 mutan·

238 1983 242 1996 ·
330 1948 423 2036 'dum
440 1962 668 2038 censentibus.
719 1967 777 2038 Ex
804 1965 882 2062 quis
905 1966 948 2038 C.
968 1965 1111 2055 Cassius,
1132 1961 1306 2037 sententiae

333 2087 426 2176 l0c0,
453 2084 489 2157 in
514 2087 607 2158 hunc
632 2085 781 2157 modum
805 2084 967 2158 disseruit.
1069 2117 1083 2126 *-

381 2207 520 2279 XLllI.
548 2212 576 2248 “
589 2207 883 2295 Smrnuuuerm,
911 2224 1024 2303 patres
1048 2205 1242 2303 conscripti,
1266 2205 1305 2279 in

336 2332 364 2368 “
383 2327 452 2399 hoc
477 2324 597 2397 ordine
621 2323 773 2415 interfui,
816 2325 898 2398 crim
934 2347 1056 2400 contra
1089 2326 1242 2400 instituta
1270 2329 1305 2400 ἃ

335 2453 363 2489 “
381 2447 474 2544 leges
487 2441 655 2540 majorum
679 2469 773 2518 nova
793 2444 926 2518 senatlrs
943 2446 1079 2520 decreta
1094 2446 1305 2542 postularem

336 2573 363 2610 “
381 2585 459 2650 tur;
496 2587 610 2659 neque
631 2561 705 2637 sum
726 2565 942 2638 adversatio:
970 2592 1042 2639 non
1064 2567 1146 2662 quia
1166 2566 1304 2640 dubita·

335 2691 457 2758 “rem
478 2680 574 2778 super
595 2684 758 2756 omnibus
778 2683 924 2782 negotiis
951 2685 1073 2758 melios
1097 2704 1199 2782 atque
1226 2708 1300 2758 rec-

336 2811 364 2847 “
381 2803 450 2876 titis
466 2801 551 2875 olim
568 2802 756 2898 provisum,
779 2807 828 2896 δι,
854 2830 931 2902 quae
950 2824 1244 2896 converterentur,
1266 2805 1306 2892 in

335 2920 529 2995 “deterius
550 2921 702 3010 mutari3
729 2922 787 2998 sed
810 2950 868 3016 ne,
895 2924 1006 2998 nimio
1031 2947 1148 2999 arnore
1169 2924 1305 3024 antiqui
1328 2950 1333 2958 ·

334 3052 361 3125 ‘f
379 3041 496 3131 moris,
514 3021 667 3116 studium
684 3069 804 3117 meum
821 3047 990 3119 >extollere
1009 3044 1153 3120 viderer.
1178 3045 1302 3136 Simul,

335 3172 367 3232 “.
381 3161 553 3260 quidquid
589 3164 657 3235 hoc
694 3163 731 3236 in
766 3165 866 3238 nobis
892 3164 1100 3239 auctoritatis
1132 3166 1193 3257 est,
1227 3191 1301 3240 cre-

296 3283 304 3292 ’
334 3283 449 3357 “bris
471 3282 800 3357 contradictionibus
821 3285 1068 3359 destruendum
1096 3309 1168 3360 non
1187 3286 1303 3360 existi·

335 3412 363 3463 ‘4
381 3406 535 3491 mabam,
560 3422 598 3474 ut
622 3426 776 3477 maneret
796 3394 984 3504 integrum,
1017 3407 1040 3478 sr
1067 3406 1206 3511 quando
1234 3404 1302 3480 res·

334 3532 363 3568 “
382 3523 523 3622 publica
556 3521 702 3596 consiliis
728 3523 895 3623 eguisset:
921 3529 1017 3624 quod
1045 3525 1149 3598 hodie
1170 3523 1299 3614 evenit,

334 3650 362 3687 “
380 3641 549 3718 consulari
574 3641 650 3743 viro
674 3643 771 3717 domi
793 3644 860 3718 suae
884 3636 1060 3720 interfecio
1082 3666 1143 3742 per
1165 3643 1301 3718 insidias

333 3771 361 3858 “.
380 3762 529 3858 serviles,
566 3789 652 3864 quas
685 3790 791 3840 nemo
826 3766 1015 3864 prohibuit,
1047 3783 1105 3841 aut
1131 3763 1299 3866 prodidit,
