3120 4860
434 435 748 550 Annn‘trun
784 431 1008 516 Lraxu
1145 458 1214 534 227

245 608 274 654 “I
291 629 504 701 moveretur,
548 612 604 688 vel
637 610 772 686 derceto
800 614 1013 709 Imperatore
1046 608 1129 700 alio,
1168 606 1217 684 sui
1267 613 1269 619 ’

240 730 438 812 “muneris
470 731 725 829 rempublicam
760 731 923 808 faceret.'’
984 727 1127 804 Etenim
1142 754 1216 802 ex-

239 868 316 952 pers
349 841 596 952 conjurationis
625 859 722 940 ertit3
757 853 916 951 quamvis
948 851 1048 950 super
1081 875 1122 929 eo
1150 847 1217 921 cri·

240 974 335 1048 mine
358 975 455 1047 Nero
479 993 577 1047 vetus
594 974 757 1048 adversus
773 973 942 1048 insontem
958 973 1080 1046 odium
1097 971 1217 1068 exple-

239 1092 342 1173 verit.

285 1213 388 1288 LIII.
413 1215 595 1290 Tarona
625 1215 784 1307 statuere,
816 1215 1028 1294 Circenfiurn
1052 1213 1218 1291 ludorum
1289 1204 1291 1212 ’

238 1331 310 1423 die,
329 1333 391 1431 qui
406 1325 523 1410 Cereri
539 1325 745 1428 celebratur,
765 1335 904 1434 exsequi
921 1335 1111 1410 destinata:
1136 1332 1218 1431 quia

160 1439 166 1488 ¹
239 1453 365 1544 Caesar,
390 1481 487 1530 rarus
504 1459 651 1554 egressu,
676 1459 856 1556 domoque
872 1476 930 1530 aut
947 1455 1053 1530 hortis
1070 1453 1215 1543 clausus,

238 1577 289 1679 ad
307 1574 438 1649 ludicra
454 1563 547 1648 Cirdi
570 1575 760 1651 ventitabat
773 1583 794 1662 3'
818 1574 1118 1674 promptioresque
1144 1575 1218 1649 adi·

132 1767 157 1788 .-
199 1785 202 1800 1
237 1711 291 1768 tus
308 1717 407 1769 erant
423 1694 747 1796 latinespetracuti.
787 1697 959 1773 Ordinem
971 1695 1099 1800 insidiis
1117 1719 1217 1770 com-

195 1909 197 1918 Α
236 1817 428 1912 posuerant,
475 1824 502 1860 “
516 1835 567 1889 wut
600 1818 792 1892 Lateranut
825 1821 918 1915 quasi
947 1817 1135 1892 subfidinrn
1169 1815 1217 1890 rei

238 1933 439 2012 “familiari
482 1929 605 2025 oraret,
647 1925 948 2033 deprecabundus,
991 1943 1025 2040 ὃς
1069 1933 1215 2036 genibus
1286 1925 1291 1936 ⁴

235 2055 453 2154 “Principis
479 2056 654 2145 accidens,
680 2055 903 2151 prosterneret
929 2054 1107 2130 incautum
1136 2081 1215 2154 pte-

209 2183 262 2266 ‚“
280 2197 472 2275 meretque,
518 2174 625 2248 animi
657 2175 808 2263 validus,
838 2177 872 2250 δι
902 2198 1048 2271 corpore
1080 2176 1215 2273 ingens.

235 2303 265 2342 “
283 2300 380 2372 Tum
392 2290 569 2394 jacentem
587 2298 620 2368 δι
645 2294 872 2401 impeditum,
895 2294 1025 2370 tribuni
1043 2300 1076 2370 ὃ(
1094 2318 1213 2370 centu-

235 2425 263 2462 “
282 2417 409 2506 tiones,
430 2420 677 2492 &ceterorum
694 2434 732 2490 ut
756 2414 1086 2514 qu-isqueaudentiae
1104 2417 1215 2492 habu·

235 2545 263 2584 “
280 2537 368 2629 isset,
399 2537 633 2628 adcurrerent,
669 2535 999 2635 trucidarentque:'’
1033 2543 1060 2580 “
1089 2537 1222 2635 primas-

236 2656 344 2732 “fibi
375 2659 512 2756 partes'’
537 2657 780 2756 expostulante
808 2661 968 2748 Scevin0,
999 2657 1060 2759 qui
1088 2658 1239 2766 pugio-¹

233 2793 329 2871 nent,
357 2782 492 2877 templo
510 2775 634 2854 Salutis
663 2779 699 2854 in
728 2779 880 2870 Etrurii,
902 2784 981 2870 five,
1010 2801 1050 2854 ut
1068 2779 1126 2854 alii
1144 2801 1212 2854 tra·

232 2899 366 2991 didere,
396 2901 559 2976 Fortunae
583 2901 769 2975 Ferentino
788 2901 825 2974 in
845 2901 978 2998 oppido
1004 2902 1212 2991 detraxerat,

232 3021 454 3120 gestabatque
478 3023 574 3095 velut
598 3047 729 3121 magno
754 3022 851 3121 operi
875 3020 1019 3100 sacrum.
1072 3030 1098 3066 “
1117 3025 1211 3098 Inte·

233 3150 261 3188 ‘¹
279 3142 346 3215 rim
369 3141 446 3218 Piso
463 3145 557 3241 apud
583 3143 696 3218 aedem
713 3141 847 3218 Cereris
872 3143 1101 3241 opperiretur,
1118 3146 1213 3225 unde

233 3270 262 3306 “
280 3288 363 3336 eum
387 3263 568 3362 praefestus
585 3265 710 3339 Fenius
735 3265 892 3339 &ceteri
913 3265 1064 3341 accitum
1085 3264 1213 3342 ferrent
1246 3269 1249 3276 ⁴

233 3385 317 3458 “in
346 3384 464 3476 castra,
490 3385 680 3459 comitante
706 3386 877 3478 Antonii,
910 3384 1048 3460 Claudii
1072 3384 1212 3464 Caesaris

232 3512 260 3550 ‘⁶
278 3505 363 3596 filie,
384 3507 430 3580 ad
457 3502 667 3581 eliciendum
695 3507 790 3607 vulgi
814 3506 1022 3582 savorem1:''
1047 3509 1209 3606 quode.

230 3625 365 3702 Plinius
383 3647 567 3702 memorat.
629 3628 743 3702 Nobis
760 3653 903 3727 quoquo
921 3631 1028 3704 modo
1044 3629 1209 3706 traditum

230 3771 301 3821 non
325 3751 498 3824 occultare
521 3750 556 3823 in
580 3749 697 3824 animo
726 3749 806 3842 suit,
835 3750 995 3849 quamvis
1023 3749 1211 3834 absurdum

229 3866 401 3947 videretur
425 3891 485 3946 aut
512 3869 650 3946 inanem
674 3871 718 3944 ad
747 3871 842 3969 spem
860 3871 1052 3980 AntonIarn
1081 3895 1210 3948 nomen

686 3995 768 4090 (ζα
