3120 4860
359 433 429 500 244
524 389 1205 492 C.ConuarrrTAc1rr,&e.

404 577 581 651 LXXIV..
595 576 688 648 Tum
706 577 841 648 decreta
858 581 885 616 “
904 575 1009 666 dona,
1028 581 1061 650 δι
1079 598 1187 674 grates
1201 576 1289 650 deis
1305 573 1351 663 ;'’

356 693 581 794 propriusque
608 697 718 768 honos
740 696 824 785 Soli,
850 693 907 768 cui
924 694 973 768 est
999 715 1097 770 vetus
1121 698 1210 770 aedes
1235 697 1353 793 apud

355 814 510 904 Circum,
536 814 572 886 in
607 841 678 912 quo
711 813 844 889 facinus
878 818 1073 912 parabatur,
1107 816 1169 914 qui
1192 817 1352 890 occulta

356 933 616 1032 conjurationis,
653 935 797 1008 numine
826 935 1019 1010 retexillet:
1048 957 1158 1034 utque
1189 935 1349 1018 Circenf

356 1059 444 1128 fiurn
467 1055 662 1128 Cerealium
690 1055 865 1130 ludicrum
891 1057 1046 1153 pluribus
1062 1081 1237 1155 equorum
1257 1083 1346 1130 cur-

357 1181 448 1250 fibus
474 1179 725 1250 celebraretur:
754 1181 875 1250 menfis
894 1203 1034 1275 quoque
1052 1177 1181 1274 Aprilis
1199 1178 1349 1251 Neronis

357 1318 638 1396 cognomentum
655 1296 826 1396 acciperet
843 1326 851 1369 :
885 1299 1059 1395 templum
1077 1299 1184 1372 Saluti
1201 1298 1345 1371 exstru-

357 1438 484 1507 eretur,
512 1418 554 1491 eb
581 1419 664 1510 loci,
693 1446 737 1492 ex
764 1445 835 1516 quo
852 1419 1016 1492 Scevinus
1037 1418 1167 1492 ferrum
1189 1445 1343 1516 promp-

358 1538 452 1612 serat.
502 1538 577 1634 lpse
600 1565 679 1611 eum
709 1537 899 1634 pugionem
926 1539 1021 1634 apud
1049 1540 1268 1636 Capitolium
1292 1538 1345 1612 sa-

358 1660 476 1748 cravit,
506 1657 740 1752 inscripfitque
761 1659 855 1749 Jovr
889 1681 1064 1731 vrunrcr.
1116 1661 1159 1731 In
1186 1661 1344 1756 praesens

283 1817 289 1836 2
360 1780 453 1850 haud
477 1773 772 1859 animadversum
803 1775 878 1871 post
893 1801 990 1848 arma
1011 1775 1096 1870 Julii
1113 1778 1277 1853 Vindicis
1297 1781 1346 1852 ad

253 1945 257 1956 ·
358 1895 543 1995 auspicium
562 1899 595 1966 be
610 1894 814 1992 praesagium
826 1893 947 1968 futurae
963 1894 1104 1968 ultionis
1120 1898 1346 1974 trahebatur.

360 2017 511 2116 Reperio
539 2016 575 2088 in
604 2015 856 2090 commentariis
878 2013 1024 2104 senatus,
1049 2015 1216 2090 Cerialem
1245 2021 1345 2094 Ani-

360 2141 471 2230 cium,
491 2137 667 2212 consulem
686 2138 914 2234 designatum,
936 2161 1000 2234 pro
1017 2134 1179 2210 sententie
1194 2139 1341 2232 dixisse,

361 2269 389 2305 “
407 2281 445 2336 ut
461 2261 634 2356 templum
652 2256 735 2329 divo
752 2253 884 2328 Neroni
901 2257 1008 2353 quam
1026 2258 1224 2332 maturrime
1244 2265 1341 2358 pub-

362 2390 392 2425 “
410 2382 475 2454 lica
494 2377 637 2476 pecunia
651 2377 870 2472 poneretur.''
919 2378 1028 2474 Qod
1041 2377 1182 2475 quidem
1201 2379 1261 2453 ille
1274 2383 1339 2454 de·

361 2503 522 2576 cernebat
546 2521 727 2594 tamquam
755 2498 899 2570 mortale
923 2493 1101 2594 fastigium
1125 2502 1269 2597 egreffo,
1304 2507 1339 2576 δι

362 2619 617 2694 venerationem
642 2617 751 2690 delam
777 2617 925 2690 merito:
953 2620 1052 2714 quod
1076 2621 1120 2692 ad
1137 2619 1256 2692 omina
1282 2621 1336 2694 so·

363 2744 439 2814 lum
470 2737 519 2812 sui
551 2735 664 2810 exitus
692 2755 890 2810 verteretur.
950 2739 1047 2810 Nam
1086 2740 1190 2812 deum
1220 2741 1338 2814 honor

361 2859 513 2956 Principi
536 2884 604 2930 non
621 2857 699 2930 ante
717 2859 877 2948 habetur,
908 2858 1016 2955 quarn
1036 2885 1137 2959 agere
1161 2861 1245 2936 inter
1271 2864 1335 2936 bo·

366 2981 477 3056 mines
490 2979 630 3054 deflerit.
