3120 4860
407 351 710 429 Aunnrrum
744 345 983 424 Lra.XV.'
1156 368 1220 442 191

156 508 166 598 ⁸.
242 531 272 572 ‘³
288 523 438 598 matur.'’
464 522 576 608 Simul
591 520 789 596 diademate
805 540 910 619 caput
918 516 1087 594 Tiridatis
1100 517 1224 598 evina-

140 732 142 739 ,
239 646 288 732 it;
324 637 525 742 piomptam
547 641 708 741 equitum
736 628 898 732 manum,
927 667 1007 740 quae
1032 666 1152 738 regem
1178 663 1226 716 err

179 849 182 854 ,
241 763 698 856 moreseslatur,Mones1,
730 762 841 838 nobili
860 762 948 852 vir0,
975 761 1132 850 tradidit,
1161 761 1225 836 ad-

235 887 336 988 Jestis
366 884 634 962 Adiabenorum
651 882 807 960 auxiliis:
828 882 1079 982 mandavitque
1106 889 1134 924 “
1158 881 1225 958 Ti·
1253 983 1256 990 ¹

242 1017 270 1054 “
289 1033 421 1109 granen
455 1004 624 1080 Armenii
649 1005 867 1095 exturbari‚''
890 1005 978 1078 dum
999 1002 1083 1101 ipse,
1111 1003 1228 1102 politis

240 1129 407 1204 adversus
425 1129 615 1223 Hyrcanos
640 1123 832 1214 discordiis,
855 1124 946 1212 vires
965 1125 1118 1216 intimas,
1148 1151 1226 1202 mo·
1268 1184 1270 1190 .

243 1253 386 1348 lemque
405 1247 490 1323 belli
506 1247 586 1339 ciet,
605 1246 796 1345 provinciis
814 1242 989 1342 Romanis
1004 1245 1176 1352 minitans.
1286 1248 1290 1260 “

169 1441 173 1446 .
279 1373 356 1444 ἸΙΙ.
382 1373 485 1470 QAE
504 1395 573 1444 uer
596 1367 792 1445 Corbuloni
822 1367 922 1442 certis
952 1367 1083 1442 nuntiis
1109 1367 1231 1444 audita

243 1490 335 1582 sunt,
354 1489 511 1589 legiones
525 1492 610 1563 duas
628 1515 710 1564 cum
729 1491 904 1564 Verulano
920 1491 1061 1580 Severo,
1093 1493 1228 1564 &Vet-

240 1613 290 1687 tio
304 1613 448 1701 Bolano,
461 1609 650 1687 subsidium
665 1609 817 1708 Tigrani
834 1609 955 1700 mittit,
974 1613 1116 1718 occulto
1135 1589 1244 1708 pra-⁸

242 1727 358 1831 cepto,
386 1737 414 1774 “
431 1731 655 1829 compositius
690 1733 829 1822 cunila,
866 1729 974 1829 quam
999 1730 1227 1824 festinantius,

242 1861 271 1914 ·“
288 1853 475 1952 agerent:”
493 1851 625 1950 quippe
643 1854 777 1930 bellum
800 1855 943 1944 habere,
970 1852 1077 1950 quiam
1095 1879 1227 1953 gerere,
1274 1835 1279 1848 ’

201 2074 203 2078 Ι
241 1975 405 2057 malebat.
467 1972 720 2070 Scripseratque
745 1971 883 2061 Caesari,
922 1979 950 2014 “
971 1973 1110 2068 proprio
1136 1977 1229 2051 duce
1260 2035 1263 2042 .

244 2103 273 2152 -“
286 2121 381 2194 opus
409 2093 491 2182 else,
520 2090 581 2189 qui
600 2091 807 2164 Armeniam
831 2089 1051 2164 defenderet:
1079 2089 1226 2188 Syriam,

137 2261 142 2264 -
244 2224 273 2262 “
291 2215 475 2315 ingruente
491 2209 680 2308 Vologese,
705 2209 836 2286 acriore
852 2211 889 2284 in
910 2208 1106 2302 discrimine
1124 2216 1230 2287 esse.'’

236 2342 368 2433 ¹Atque
384 2331 529 2407 interim
552 2331 700 2430 reliquas
717 2331 873 2431 legiones
890 2357 955 2429 pro
972 2331 1047 2431 ripa
1065 2335 1226 2432 Euphra·

244 2457 287 2530 tis
324 2457 438 2531 locat:
478 2452 744 2540 tumultuariam
782 2453 1048 2554 provincialium
1081 2481 1229 2533 manum

216 2583 218 2592 “
244 2597 382 2668 armat:
410 2576 549 2651 hostiles
566 2575 735 2676 ingressus
757 2575 918 2673 praesidiis
943 2575 1128 2675 intercipin
1179 2581 1228 2652 Et

246 2701 331 2798 quia
359 2725 471 2798 egena
496 2723 666 2796 aquarum
694 2696 791 2795 regio
819 2697 883 2788 est,
916 2695 1051 2772 castella
1073 2696 1229 2776 sontibus

246 2819 431 2916 impositas
461 2818 630 2919 quosdam
648 2818 740 2894 rivos
759 2818 924 2917 congestu
942 2844 1053 2894 arenae
1070 2821 1217 2901 abdidit.

283 2941 347 3013 lV.
371 2944 432 3016 EA
452 2965 539 3014 uun
558 2966 579 3013 a
600 2940 805 3014 Corbulone
829 2941 966 3016 tuendae
984 2927 1089 3040 Syriae
1107 2968 1231 3040 parari.-
1258 3005 1262 3026 ,

75 3137 80 3148 ,
221 3097 223 3107 1
246 3082 318 3152 tur,
332 3064 426 3138 ,asto
453 3060 582 3160 raptim
598 3061 740 3159 agmine
756 3059 934 3154 Monesen
967 3082 1007 3136 ut
1029 3061 1160 3141 famam
1177 3061 1231 3138 sul

247 3180 397 3282 praeiret,
421 3208 493 3254 non
509 3181 589 3255 ideo
605 3180 773 3272 nescium,
800 3203 860 3256 aut
884 3183 1077 3275 incautum,
1105 3185 1232 3284 Tigra·

247 3316 318 3382 'nen
342 3301 501 3378 offendit.
550 3303 795 3400 Occupaverat
811 3304 1076 3404 Tigranocerta,
1107 3311 1232 3382 urbem

245 3423 352 3522 copia
373 3421 594 3498 defensorum
622 3425 656 3496 &
680 3423 926 3522 magnitudine
948 3426 1124 3502 moenium
1143 3428 1231 3502 vali-

246 3547 343 3620 dam.
395 3546 455 3620 Ad
485 3547 561 3634 haec
593 3543 845 3648 Nicephorius,
874 3548 986 3622 amnis
1014 3549 1108 3622 haud
1138 3548 1232 3648 sper·
1264 3593 1267 3600 ·

248 3668 366 3742 nenda
402 3666 600 3759 latitudine,
640 3686 778 3765 partem
813 3643 997 3743 murorum*
1031 3668 1164 3770 ambit:
1198 3673 1233 3744 δι

136 3787 139 3792 ’
247 3788 354 3864 dusla
369 3788 496 3890 ingens
518 3786 619 3883 fossa,
647 3788 719 3888 qui
744 3787 856 3865 fluvio
871 3774 1102 3866 dissidebatur.
1133 3794 1232 3870 ine,
