3006 4866
494 367 886 486 Aonrcotnss
1110 427 1180 507 347

187 569 317 678 ipsun
334 576 461 654 veritus
486 578 656 678 Agricola
671 601 819 678 quatuor
841 577 1000 678 equitum
1024 579 1109 669 alas,
1138 578 1185 652 ad

205 698 315 774 subita
333 700 415 774 belli
433 719 592 790 retentas,
607 701 823 776 venientibus
835 697 1056 797 opposuisset,
1075 726 1186 796 quan·

205 821 311 919 toque
338 818 485 894 ferocius
502 822 735 912 adcurrerant,
765 820 862 896 tanto
878 821 988 894 acrids
1015 818 1127 918 pulsos
1150 819 1187 890 in

205 939 328 1038 sugam
356 937 547 1037 disjecisset.
597 944 650 1014 Ita
678 943 858 1016 consilium
882 941 1127 1030 Britannorum
1149 939 1188 1015 in

207 1058 297 1156 ipsos
331 1060 490 1134 versum:
526 1060 794 1160 transvectaeque
833 1083 1006 1162 praecepto
1037 1060 1189 1134 ducisa

208 1179 323 1254 fronte
349 1180 582 1279 pugnantium
611 1183 691 1273 ala,
719 1181 872 1256 aversam
900 1182 1049 1256 hostium
1076 1180 1189 1256 aciem
1214 1226 1222 1232 -

208 1299 372 1374 invasdre.
396 1376 400 1384 ,
422 1301 629 1378 Tumverb
663 1303 858 1400 patentibus
884 1301 969 1376 locis
998 1301 1128 1398 grande
1154 1305 1190 1374 da

207 1437 307 1492 atrox
327 1420 586 1517 spestaculum:
610 1421 718 1520 sequi,
752 1425 945 1513 vulnerare,
976 1447 1113 1520 capere,
1137 1440 1188 1494 at·

210 1565 280 1637 que
296 1538 448 1631 eosdem,
463 1543 586 1616 oblatis
604 1543 690 1634 aliis,
705 1543 888 1618 trucidare.
922 1547 1003 1639 Jam
1021 1540 1189 1629 hostium,

210 1680 311 1757 prout
340 1662 466 1759 cuique
490 1663 668 1760 ingenium
695 1683 781 1754 crat,
812 1685 958 1738 caterva
980 1680 1191 1736 armatorum

211 1780 430 1877 paucioribus
456 1803 551 1881 terga
568 1783 737 1880 praestare,
768 1784 913 1882 quidam
934 1784 1082 1856 inermes
1099 1782 1192 1854 ultro

209 1925 322 1990 ruere,
351 1927 391 1976 ac
421 1901 454 1976 se
472 1902 576 1976 morti
599 1903 734 1976 offerre.
784 1902 910 1976 Passim
926 1927 1034 1995 arma,
1062 1906 1191 1976 decor·

208 2045 306 2116 pora,
333 2024 365 2090 ὅτ
395 2021 497 2092 laceri
524 2039 628 2110 artus,
658 2026 693 2095 ὅτ
721 2043 864 2094 cruenta
886 2024 1038 2094 humus:
1066 2025 1099 2094 δι
1128 2019 1190 2092 ali·
1255 2113 1258 2118 Ι

211 2140 351 2236 quando
368 2138 473 2212 etiam
489 2139 589 2212 vistis
605 2140 655 2212 ira
672 2138 872 2236 virtusque:
900 2140 1085 2237 postquam
1104 2141 1192 2214 silvis

118 2335 125 2350 ,
211 2260 545 2358 appropinquarunt,
563 2259 713 2351 coliesb',
732 2259 862 2357 primos
877 2257 1107 2356 sequentium,
1137 2259 1192 2332 in-

213 2385 377 2456 cautos&
395 2381 553 2454 locorum
569 2379 721 2478 ignaros,
735 2378 1063 2454 circumveniebant.
1082 2381 1193 2478 Quod

213 2501 250 2574 ui
267 2499 426 2598 frequens
442 2499 573 2598 ubique
589 2499 770 2598 Agricola,
801 2499 934 2574 validas
954 2503 987 2574 δι
1013 2500 1192 2598 expeditas

214 2622 369 2694 cohortes
387 2619 559 2716 indaginis
576 2612 700 2713 niodo,
731 2625 763 2694 δι
783 2620 888 2694 sicubi
904 2619 1050 2694 arctiora
1078 2621 1191 2711 erant,

213 2761 346 2838 partem
363 2740 535 2839 equitum,
546 2739 688 2814 dimissis
705 2741 817 2839 equis,
832 2741 930 2814 srmul
943 2740 1082 2814 rariores
1094 2743 1192 2816 srlvas

212 2860 365 2957 equitem
382 2857 564 2958 persultare
574 2857 727 2956 juffiffet,
754 2882 937 2958 acceptum
953 2859 1096 2960 aliquod
1115 2863 1192 2934 vul·
1219 2927 1222 2938 r

213 3005 277 3053 nus
307 3005 369 3076 per
397 2979 543 3053 nimiam
573 2980 740 3054 fiduciam
772 2979 870 3054 foret.
911 2980 1098 3070 ‘Ceterdm‚
1131 2979 1193 3056 ubi

195 3103 422 3196 ,compositos
444 3100 551 3173 firmis
566 3100 746 3174 ordinibus
764 3100 859 3199 sequi
872 3099 984 3174 rursus
1000 3101 1131 3192 ridere,
1155 3101 1194 3174 in

195 3219 335 3318 ‘fugam
353 3224 453 3311 versi,
479 3245 550 3294 non
577 3220 790 3319 agminibus,
818 3241 855 3294 ut
883 3220 991 3318 prisrs,
1023 3245 1088 3294 nec
1108 3221 1198 3298 alius·
1292 3203 1294 3213 Ι

213 3340 322 3414 alium
349 3341 588 3438 respesiantes,
625 3341 703 3432 rari,
744 3347 777 3414 δι
808 3340 993 3414 vitabundi
1025 3340 1192 3432 invicem,

115 3459 118 3470 '
215 3460 406 3558 longinqua
422 3479 526 3558 atque
551 3461 626 3534 avia
645 3460 797 3558 petiere:
828 3459 905 3534 finis
928 3460 1092 3558 sequendi
1121 3483 1193 3540 nox

216 3585 250 3654 δι
277 3580 408 3656 satietas
431 3581 522 3654 suit:
552 3579 637 3656 caesa
661 3581 813 3654 hostium
843 3583 887 3654 ad
904 3581 1027 3654 decem
1056 3581 1189 3654 millia:

213 3701 411 3777 nostrorum
427 3702 570 3778 trecenti
588 3701 764 3801 sexaginta
777 3701 951 3776 ccciddre:
970 3701 1008 3776 in
1022 3703 1099 3798 quis
1113 3705 1190 3774 Au·
