3006 4866
483 352 946 492 'suessona-1
1106 410 1174 489 3η

104 611 107 618 2
190 559 341 634 tardiora
367 549 445 634 sunt
461 557 627 651 remedia,
657 559 764 658 quam
782 559 895 644 mala3
922 559 1013 632 &ut
1030 583 1175 656 corpora

190 679 282 755 lente
310 681 515 782 augescunt,
544 680 629 754 cito
648 681 929 779 exstinguuntur,
964 682 1009 752 fic
1037 679 1176 778 ingenia
1203 688 1205 694 '
1251 759 1254 769 ,

193 801 377 901 studiaque
404 801 608 900 oppresseris
631 799 779 890 facilius,
809 779 918 898 quam
951 798 1175 873 revocaveris.

190 923 294 998 Subit
311 923 444 1020 quippe
468 923 573 996 etiam
595 922 698 1020 ipfius
724 921 853 994 inertiae
868 923 1045 995 dulcedo:
1072 925 1105 992 ὅτ
1123 920 1175 992 in·
1192 903 1196 912 ⁶

153 1139 163 1152 ⁶
191 1043 264 1148 visa.
290 1042 406 1140 primi>
435 1043 577 1135 defidia,
616 1039 791 1143 postremi>
816 1064 961 1116 amatur.
1010 1041 1109 1138 Qid
1134 1044 1173 1131 li,

170 1190 256 1262 iper
283 1162 485 1261 quindecim
512 1189 634 1257 annos,
664 1164 798 1263 grande
825 1163 977 1236 mortalis
1004 1162 1072 1236 aevi
1102 1162 1175 1259 spa-

190 1285 294 1376 tium,
325 1285 428 1358 multi
455 1282 604 1358 fortuitis
616 1287 763 1382 cafibus,
792 1281 1062 1380 promptiffimus
1084 1281 1176 1379 quis-

189 1423 264 1503 que
279 1403 407 1480 saevitia'
423 1405 595 1504 Principis
613 1405 886 1508 intoreiderunt?
914 1400 1035 1491 Pauci,
1067 1407 1115 1491 ὅτ,
1139 1422 1178 1474 ut

193 1526 243 1600 ita
259 1525 429 1617 dixerim,
451 1551 523 1600 non
551 1525 659 1600 modo
676 1525 837 1614 aliorum,
863 1523 921 1598 sed
938 1522 1049 1596 etiam·
1069 1521 1177 1595 nostri

108 1693 111 1700 .
192 1644 389 1744 superstites
415 1637 554 1732 sumus3
581 1646 753 1744 exemptis
779 1643 933 1718 emedid
949 1646 1021 1716 vita
1037 1661 1090 1715 tot
1113 1667 1176 1718 an-

193 1767 260 1858 nis,
298 1767 426 1864 quibus
446 1765 593 1865 juvenes
620 1767 665 1839 ad
690 1759 915 1854 senestutem,
948 1762 1042 1837 senes
1067 1763 1177 1862 prope

190 1889 236 1960 ad
252 1886 339 1984 ipsos
357 1888 486 1960 exactae
503 1885 613 1960 atatis
625 1886 792 1959 terminos
810 1910 871 1982 per
887 1884 1059 1958 filentium
1078 1885 1175 1958 veni·
1207 1905 1216 1914 ’

193 2033 297 2081 mus:
326 2033 397 2078 non
426 2025 546 2077 tamen
574 2005 720 2103 pigebit,
752 2006 822 2078 vel„
832 2005 1011 2078 incondita
1033 2029 1073 2076 ac
1101 2004 1179 2078 rudi

193 2151 298 2216 voce,
325 2123 531 2210 memoriam
545 2123 665 2220 prioris
683 2122 863 2213 servitutis,
889 2150 929 2196 ac
943 2107 1178 2198 testimonium

194 2245 413 2354 presentium
444 2248 619 2317 bonorum
646 2242 884 2340 composuisse.
936 2242 1011 2316 Hic
1038 2241 1177 2318 interim
1293 2329 1296 2334 ,

194 2365 281 2441 liber
298 2364 424 2438 honori
438 2363 629 2462 Agricolas,
643 2361 749 2438 soceri
766 2365 849 2456 mei,
873 2365 1076 2450 destinatus,
1095 2383 1177 2462 pro·

195 2485 336 2559 sesfione
355 2484 489 2582 pietatis
508 2505 567 2578 aut
584 2485 740 2560 laudatus
758 2486 834 2578 erit,
864 2507 922 2560 aut
939 2485 1132 2560 excusatus.
1197 2541 1201 2556 .

241 2609 305 2680 IV.
330 2606 475 2679 CnAEus
504 2606 617 2702 Julius
646 2606 828 2704 Agricola,
859 2607 965 2680 veteri
997 2611 1030 2680 ὅτ
1057 2606 1205 2680 illustris

194 2725 481 2825 Forojulienfium
494 2727 631 2801 colonia
647 2749 754 2818 ortus,
771 2749 957 2825 utrumque
971 2753 1076 2800 avum
1095 2753 1174 2825 pro·
1230 2721 1234 2725 ¹

194 2867 390 2924 curatorem
407 2847 581 2922 Caesarum
599 2849 746 2922 habuit:
775 2875 853 2946 quae
884 2847 1048 2946 equestris
1076 2847 1176 2922 nobi-

196 2968 272 3041 litas
289 2969 360 3042 est:
392 2990 487 3065 pater
503 2969 618 3065 Julius
642 2969 825 3044 Graecinus
847 2967 1003 3042 senatorii
1030 2969 1175 3060 ordinis,

195 3087 317 3162 studio‘
339 3089 548 3188 eloquentia
573 3088 814 3188 sapientiaque
839 3083 955 3178 notus,
985 3087 1090 3187 iisque
1107 3089 1175 3162 vir·

191 3208 327 3308 tutibus
345 3209 429 3283 iram
443 3210 519 3286 Caii
536 3209 676 3284 Caesaris
691 3210 862 3283 meritus·
895 3211 1062 3307 Namque
1078 3213 1181 3285 Mar:

188 3311 277 3404 'cum
305 3331 472 3404 Silanum
488 3331 643 3405 accusare
660 3328 785 3428 julius,
815 3335 863 3420 &,
890 3329 971 3427 quia
995 3325 1174 3423 abnu'erat,

194 3448 395 3524 interfectus
425 3452 483 3524 est.
533 3455 651 3525 Mater
680 3453 774 3546 Julia
800 3452 946 3525 Procilla
973 3451 1053 3541 suit,
1087 3479 1174 3526 rarae

194 3571 377 3648 castitatis:
406 3572 441 3644 in
465 3570 569 3670 hujus
587 3575 660 3644 sinu
688 3572 975 3670 indulgentiaque
989 3574 1172 3662 educatus,

194 3718 256 3790 per
280 3719 422 3767 omnem
439 3693 660 3766 honestarum
689 3689 818 3766 artium¹
840 3695 974 3766 cultum
991 3694 1173 3790 pueritiam

194 3812 531 3912 adolescentiamque
547 3811 720 3912 transegit.
756 3817 910 3889 Arcebat
926 3805 1006 3890 eum
1023 3812 1069 3910 ab
1086 3813 1173 3886 inle-
