3126 4864
443 380 899 458 narraras-Lu.
933 378 1036 454 XIII.
1196 385 1243 480 89

272 563 304 602 “
319 555 459 646 solatus,
485 582 525 632 ac
548 555 749 653 triumphos
782 552 978 654 majorum’'
1007 557 1245 647 enumerabat,

164 721 166 724 ·
270 676 422 752 intentus
444 675 516 774 ipse
549 681 583 750 ἃ
607 675 723 752 cereri.
774 683 802 718 “
829 675 1073 750 Liberalium''
1106 701 1249 773 quoque

271 797 299 840 “
316 797 468 871 artium’'
484 796 787 886 commemoratio,
816 805 843 840 “
862 797 1010 887 &nihil
1029 797 1172 894 regerite
1187 821 1245 887 eo,

271 916 519 1014 “reipublicae
549 918 644 992 triste
665 921 710 992 ab
734 918 884 991 externis
906 917 1105 1007 accidisse,''
1130 917 1247 1015 pronis
1321 977 1325 988 ,

269 1035 393 1114 animis
409 1038 539 1112 audita.
590 1037 782 1136 Postquam
799 1040 842 1116 ad
872 1038 1171 1136 “providentiam
1196 1038 1247 1112 sa-

270 1163 299 1198 “
318 1157 583 1256 pientiamque''
624 1161 735 1249 flexit,
782 1183 886 1232 nemo
925 1157 1003 1231 risui
1040 1179 1247 1257 temperare,

271 1301 489 1376 quamquam
521 1277 630 1350 oratio
657 1304 678 1350 a
708 1279 836 1351 Senecas
859 1268 1061 1375 composita,
1095 1283 1249 1354 multum

272 1398 386 1474 cultsrs
412 1397 599 1495 praeferrer:
626 1419 665 1472 ut
694 1398 761 1477 fuit
781 1399 832 1472 illi
848 1399 925 1476 viro
940 1399 1122 1498 ingenium
1137 1427 1247 1473 amoe·

270 1541 370 1607 num,
413 1524 449 1590 ὅτ
476 1518 641 1616 temporis
677 1517 750 1616 ejus
768 1521 906 1594 auribus
930 1522 1248 1610 accommodatum.

269 1639 499 1713 Adnotabant
522 1638 680 1731 seniores,
700 1641 828 1738 quibus
844 1640 993 1714 otiosum
1011 1641 1061 1716 est
1079 1647 1249 1716 vetera&

202 1815 205 1820 .
268 1757 445 1854 prasentia
462 1763 684 1852 contendere,
704 1769 731 1804 “
743 1741 903 1858 primum¹
915 1787 961 1836 ex
980 1761 1032 1853 iis,
1052 1765 1114 1860 qui
1131 1791 1248 1868 rerum

201 1937 205 1945 s
231 1871 235 1878 ’
269 1882 298 1918 “
314 1879 415 1976 potiti
432 1882 552 1969 essent,
564 1883 742 1954 Neronem
759 1881 879 1954 alienae
893 1880 1064 1960 facundiae
1081 1886 1247 1984 eguisse.”

267 1997 364 2078 Nam
384 1999 533 2073 dislator
554 1998 666 2072 Caesar
690 2001 833 2076 summis
858 2002 1047 2075 oratoribus
1075 2009 1245 2092 aemulus3

268 2124 303 2193 ὃ(
333 2121 493 2219 Augusto
523 2139 688 2216 prompta
715 2145 754 2192 ac
779 2122 970 2215 profluens,
1005 2148 1084 2217 quae
1111 2126 1248 2213 deceret

266 2239 484 2337 Principem,
507 2239 709 2336 eloquentia
729 2238 805 2316 fuit.
855 2237 1016 2317 Tiberius
1032 2260 1140 2318 artem
1157 2271 1245 2341 quo.

268 2385 338 2456 que
360 2362 521 2450 callebat,
551 2343 619 2458 dud
635 2361 741 2433 verba
764 2360 989 2456 expenderet,
1016 2379 1092 2434 tum
1111 2363 1247 2438 validus

268 2477 431 2570 sensibus,
462 2502 521 2554 aut
544 2479 702 2554 consulto
725 2481 922 2580 ambiguus.
974 2481 1091 2556 Etiam
1108 2482 1151 2555 C.
1168 2483 1246 2556 Cae-
1271 2539 1272 2546 κ

266 2599 347 2672 saris
385 2603 523 2689 turbata
556 2627 655 2676 mens
688 2601 764 2676 vim
780 2600 936 2676 'dicendi
969 2627 1041 2674 non
1080 2603 1246 2700 corrupit.

174 2779 181 2788 .
266 2722 345 2794 Nec
369 2721 405 2794 in
423 2724 584 2814 Claudio,
612 2723 772 2823 quotiens
790 2722 956 2796 meditata
972 2723 1158 2813 dissereret,
1177 2725 1246 2798 ele·
1267 2709 1282 2731 ’
1306 2789 1311 2802 ,

268 2841 423 2938 gantiam
439 2845 635 2941 requireres.
685 2847 785 2922 Nero
802 2844 989 2942 puerilibus
1001 2843 1116 2918 statim
1133 2845 1246 2936 annis,

267 2961 430 3034 vividum
461 2965 616 3048 animum
641 2965 676 3038 in
698 2965 766 3048 alia
790 2967 943 3049 detorsit.
993 2967 1139 3058 Caelare,
1167 2969 1245 3066 pin-

270 3106 364 3180 gere,
393 3100 512 3166 cantus
540 3103 600 3159 aut
624 3085 780 3182 regimen
802 3075 974 3182 equorum
1000 3113 1183 3162 exercerc:
1210 3095 1264 3164 a·
1355 3105 1357 3108 ’
1421 3187 1423 3199 Ι

268 3201 461 3298 aliquando
489 3203 696 3278 carminibus
724 3205 930 3305 pangendis,
958 3207 1062 3282 inesse
1083 3209 1152 3284 sibi
1176 3195 1269 3284 ele-¹
1299 3261 1304 3270 ·

267 3342 387 3398 menta
404 3323 571 3396 doslrinae
589 3324 802 3400 ostendebat.

315 3447 377 3544 Ill.
403 3444 601 3516 Caranum
619 3447 911 3541 peradis‘tristiriae
929 3449 1165 3540 imitamentis,
1184 3477 1246 3528 cu·
1274 3441 1277 3448 i

268 3564 356 3656 riam
374 3561 554 3662 ingressus,
570 3570 603 3638 δι
623 3574 649 3607 “
663 3567 708 3638 de
724 3567 923 3642 audoritare
941 3589 1094 3666 patrum,
1110 3575 1142 3644 ἃ
1160 3597 1246 3654 cop,

269 3681 411 3759 “sensu
435 3685 610 3758 militum'¹
634 3685 809 3782 praefatus,
845 3695 873 3740 ‘s
892 3687 1031 3762 consilia
1048 3693 1109 3763 fibi
1126 3695 1160 3763 δι
1183 3717 1245 3774 ex*
1308 3725 1310 3729 ·

268 3811 296 3856 ⁶‘
315 3806 431 3914 ampla
448 3805 642 3906 capessendi
667 3806 806 3907 egregie
823 3807 982 3917 imperii''
1011 3810 1243 3894 memoravit:
