3120 4860
437 373 742 447 Annntront
771 310 881 452 lan.
928 365 1009 446 XV.
1173 365 1242 471 243

266 555 387 620 eorum
419 545 566 628 fisteretr
608 543 796 618 consularia
829 545 975 644 insignia
1007 541 1242 641 Nymphidio,
1349 549 1353 562 ¹

264 666 424 764 dequo,
447 664 529 762 quia
553 687 647 738 nunc
676 663 829 762 prImitm
861 665 996 740 oblatus
1029 665 1093 755 est,
1130 689 1241 762 pauca

153 825 159 832 -
263 803 443 881 repetam:
470 787 605 858 nam&
627 782 698 884 lpse
724 809 801 882 pars
819 785 1060 860 Romanemm
1082 786 1242 860 cladium

266 905 340 978 erit.
400 905 513 1004 igitur
542 925 650 978 matre
683 903 844 979 libertini
873 924 979 995 ortus,
1015 931 1093 1002 quae
1117 931 1243 1003 corpur

264 1027 432 1099 decorum
456 1025 545 1098 inter
567 1024 680 1098 servos
702 1023 910 1124 libertosque
934 1025 1138 1124 Principum
1164 1027 1241 1110 vul-

264 1143 422 1244 gaverat,
451 1163 497 1220 'ex
521 1147 563 1219 C.
581 1133 712 1220 Casare
736 1145 770 1219 se
793 1145 951 1244 genitum
973 1145 1118 1237 serebat,
1150 1171 1238 1244 quo.

263 1265 373 1355 niam,
407 1263 497 1340 forte
531 1269 682 1365 quedam
715 1267 838 1341 habitu
866 1291 1040 1363 procerus,
1077 1271 1240 1340 &torvo

261 1387 363 1459 vultu
386 1406 483 1460 erat:
512 1391 580 1460 five
601 1389 643 1460 C.
666 1387 777 1460 Caesar
799 1387 988 1464 scortorum
1011 1411 1153 1485 quoque
1179 1411 1239 1459 cu·

262 1506 375 1604 piens,
393 1507 497 1580 etiam
515 1507 615 1580 matri
631 1497 703 1605 ejus
718 1491 842 1608 inlusit.
865 1513 868 1520 “

265 1651 268 1660 ·
309 1627 480 1702 LXXIII.
505 1628 579 1700 Sao
604 1630 734 1718 Nono,
769 1646 894 1701 vocato
921 1626 1051 1718 senatu,
1083 1625 1259 1702 oratione.

248 1745 347 1820 'inter
375 1730 486 1844 patres
518 1743 649 1840 habite,
679 1745 833 1822 edictum
866 1747 959 1846 apud
987 1750 1175 1846 populum,
1201 1753 1236 1821 bt

257 1870 390 1942 conlata
415 1868 452 1940 in
477 1865 585 1942 libros
610 1869 750 1959 indicia,
779 1867 1067 1964 confessionesque
1091 1869 1237 1942 domnae
1340 1876 1342 1888 ’

257 2005 374 2061 torum
399 1987 569 2085 adjunxit.
630 1987 772 2060 Etenim
806 1989 928 2059 crebro
962 1985 1061 2083 vulgi
1093 2005 1235 2062 rumore

256 2109 483 2196 lacerabatur,
520 2114 748 2204 “tamquam
773 2105 865 2178 viros
889 2101 1049 2195 insontes,
1079 2109 1126 2180 ob
1143 2107 1233 2180 invia

258 2235 286 2272 “
304 2228 413 2318 diam,
432 2245 490 2300 aut
503 2245 651 2316 metum,
669 2219 915 2300 exstinxiffet.'’
950 2225 1117 2325 Ceterum
1133 2251 1232 2324 coep⁴

202 2367 205 2375 ’
258 2363 344 2437 tam,
370 2349 610 2444 adultamque,
634 2346 667 2422 δι
685 2345 867 2437 revictam,
886 2343 1157 2443 conjurationem
1174 2371 1235 2421 ne*

259 2483 328 2570 que
344 2485 428 2541 tunc
441 2467 658 2560 dubitavere,
685 2466 811 2566 quibus
829 2489 951 2540 verum
967 2467 1129 2541 noscendi
1153 2493 1237 2542 cura

256 2604 341 2678 erat,
372 2594 406 2663 ὅτ
434 2587 597 2679 fatentur,
630 2589 691 2687 qui
721 2589 797 2686 post
824 2587 1000 2662 interitum
1023 2589 1172 2663 Neronis
1196 2590 1233 2664 in

260 2711 400 2782 Urbem
423 2713 558 2808 regressi
585 2710 673 2783 sunt.
735 2714 786 2782 At
806 2709 843 2780 in
870 2707 985 2782 senatu
1019 2707 1164 2800 conclis,
1194 2727 1233 2782 ut

211 2809 220 2826 .
257 2829 385 2926 cuique
414 2830 606 2928 plurimum
640 2830 807 2921 maeroiis,
838 2829 887 2902 in'
907 2828 1144 2904 adulationem
1169 2829 1231 2902 de·

256 2948 374 3040 missis,
404 2951 551 3044 Junium
573 2951 785 3041 Gallionem,
821 2953 957 3024 Senecae
984 2949 1095 3024 fratris
1120 2971 1232 3024 morte

256 3069 437 3168 pavidum,
468 3077 501 3144 ὅτ
520 3097 584 3169 pro
610 3067 668 3145 sud
693 3053 929 3144 incolumitate
945 3063 1150 3168 supplicem,
1178 3071 1234 3144 ind

256 3191 575 3289 crepuitssalienu's
603 3193 778 3283 Clemens,
809 3199 836 3234 “
854 3191 990 3266 hostem
1024 3195 1057 3264 δι
1086 3191 1229 3290 parrici-

255 3318 284 3354 “
303 3313 410 3386 dam''
438 3335 593 3386 vocans:
624 3314 736 3386 donec
763 3310 925 3386 consensu
952 3328 1091 3410 patrum
1115 3314 1228 3387 deter-

254 3433 337 3507 ritus
354 3433 417 3524 est,
448 3441 476 3476 “
495 3459 539 3506 ne
555 3433 703 3530 publicis
724 3433 822 3505 malis
840 3431 936 3506 abuti
953 3435 998 3506 ad
1014 3438 1234 3508 occasionem

254 3554 426 3652 “privati
447 3554 520 3627 odii
544 3553 731 3644 videretur,
752 3579 819 3626 neu
845 3557 1046 3651 composita,
1077 3558 1110 3626 ὅτ
1135 3556 1224 3628 obli·

253 3679 281 3717 “
299 3693 419 3765 terata,
444 3671 704 3748 mansuetudine
719 3673 902 3772 Principis,
925 3700 1053 3748 novam
1070 3675 1116 3748 ad
1133 3675 1226 3749 saevi·
1332 3673 1338 3686 “

256 3800 282 3853 I‘
301 3794 384 3870 tiam
403 3795 625 3872 retraheret.''

731 3917 767 3991 R
793 3941 819 3990 a
