3006 4866
293 365 388 438 '.
493 338 885 466 Aonrcota
1115 402 1183 482 3ss

213 566 508 655 continuarentur,
537 585 642 664 atque
668 564 781 640 omnis
809 589 920 638 annus
944 555 1120 636 funeribus
1149 565 1185 638 be

214 689 370 768 cladibus
398 687 625 785 infigniretur,
663 684 871 783 poscebatur,
896 708 955 758 ore
985 682 1085 782 uulgi
1111 683 1188 760 dua

212 809 402 908 Agricola:
433 806 714 904 comparantibus
742 803 872 880 conclis
900 802 1074 902 vigorem,
1103 827 1188 876 con·
1222 867 1228 876 .

210 929 384 1018 stantiam,
400 932 441 1019 ¹&
459 948 642 1026 expertum
659 925 759 1002 bellis
775 915 947 1015 animum,
970 922 1190 998 cuminaria

212 1054 247 1123 δι
265 1047 453 1126 formidine
470 1075 604 1124 eorum.
632 1047 772 1145 Qibus
789 1044 1000 1120 sermonibus
1015 1043 1093 1118 satis
1104 1069 1190 1116 con·

211 1169 277 1244 stat
294 1169 486 1244 Domitiani
509 1195 651 1268 quoque
667 1193 764 1242 aures
786 1169 992 1255 verberatas,
1015 1166 1103 1239 dum
1125 1161 1190 1260 op·

211 1289 484 1388 timus-quilque
511 1291 713 1366 libertorum
738 1313 858 1364 amore
885 1292 919 1360 sit
947 1286 1032 1376 fide,
1058 1283 1191 1382 pcsfimi

213 1411 485 1510 malignitate&
504 1411 626 1501 livore,
657 1435 810 1507 pronum
835 1407 1066 1482 deterioribus
1089 1405 1190 1478 Prin-¹

215 1532 331 1629 cipem
344 1531 622 1610 exstimulabant.
663 1531 719 1605 Sic
738 1529 906 1628 Agricola
923 1528 1022 1604 simul
1038 1525 1106 1601 suia
1122 1526 1192 1600 vir·

211 1652 357 1744 tutibus,
395 1654 493 1726 nmo}
520 1651 800 1742 viduatorum,
829 1650 871 1726 in
900 1648 1010 1748 ipsam
1026 1648 1193 1748 gloriam
1300 1645 1306 1654 ’

212 1797 366 1872 preceps
383 1775 561 1872 agebatur.

260 1893 379 1968 XLII.
406 1890 663 1989 Annona-jam
679 1915 804 1980 annus,
825 1917 898 1988 quo
910 1891 1195 1988 proconsulatum
1281 1951 1285 1960 .

213 2017 304 2096 Asrae
323 2020 356 2082 tc
382 2010 512 2082 Asticae
528 2010 718 2099 sortiretur,
742 2015 776 2082 dr
793 2009 907 2084 occiso
923 2011 1045 2084 Civica
1071 2039 1195 2108 nuper,

213 2157 279 2206 nec
307 2127 484 2228 Agricolae
515 2129 695 2201 confilium
724 2130 856 2218 deerat,
894 2155 959 2202 nec
992 2131 1197 2205 Domitiano

212 2251 429 2348 exemplum.
455 2245 638 2322 Accessere
651 2249 808 2346 quidam,
827 2249 1078 2348 cogitationum
1093 2251 1194 2324 Prin.

215 2371 304 2468 cipis
322 2368 434 2468 periti,
457 2367 535 2466 qui,
556 2367 711 2454 “iturus
732 2395 777 2442 ne
794 2373 875 2443 effer
888 2369 924 2443 in
940 2369 1195 2468 provinciam,''

171 2569 176 2587 ,
213 2494 307 2566 ultro
337 2490 544 2590 Agricolam
570 2488 848 2588 interrogarent:
872 2517 912 2565 ac
937 2489 1051 2590 primi>
1077 2495 1195 2576 occul-

212 2613 281 2698 tilis
300 2619 328 2656 “
347 2612 504 2710 quietem
521 2615 555 2684 u
568 2610 704 2691 otium''
721 2611 874 2720 laudare,
901 2637 988 2686 mox
1006 2619 1034 2656 “
1051 2637 1196 2712 operam

214 2741 242 2780 “
260 2731 357 2808 suant
379 2733 415 2806 in
431 2732 655 2830 adprobanda
677 2730 918 2806 excusatione”
943 2733 1090 2807 offerre:
1119 2735 1196 2832 pos·
1275 2707 1286 2796 ¹„
1347 2731 1354 2738 ’

156 2947 164 2960 ¹
212 2854 326 2936 tremo
344 2879 417 2927 non
435 2851 509 2951 jam
526 2849 675 2944 obscuri,
704 2853 884 2926 suadentes
905 2855 1003 2928 simul
1020 2855 1195 2929 terrentes-

215 3001 297 3073 que,
317 2975 511 3071 pertraxere
523 2975 568 3046 ad
582 2973 845 3048 Domitianum:
864 2977 925 3076 qui
938 2995 1076 3073 paratus
1092 2981 1196 3051 fimu-

214 3093 356 3184 lat-ione,
373 3093 409 3166 in
428 3094 668 3192 adrogantiam
686 3099 909 3192 compositus,
940 3097 1101 3171 &audiit
1119 3125 1197 3196 pre·
1317 3149 1323 3164 ·

213 3240 272 3289 cos
286 3213 493 3305 excusantis,
524 3220 573 3307 bt,
602 3215 684 3289 clim
701 3215 884 3307 adnuisset,
914 3216 971 3316 agi
990 3200 1050 3292 fibi
1073 3219 1197 3318 gratias

215 3338 329 3434 pallus
344 3335 417 3418 cst:
442 3361 507 3414 nec
524 3335 662 3410 erubuit
677 3336 837 3414 beneficii
855 3337 1008 3412 invidiae
1035 3337 1196 3416 salarium
1300 3370 1302 3375 ·

214 3475 345 3546 tamen,
370 3455 602 3563 proconsulari
618 3455 757 3530 solitum
775 3457 901 3548 offeni,
931 3463 964 3532 ὅτ
990 3433 1198 3557 quibusdam

214 3575 362 3675 aseipso
378 3579 591 3667 concellum,
617 3576 793 3676 Agricola
817 3603 888 3650 non
909 3579 1033 3654 dedit:
1058 3585 1126 3655 five
1143 3581 1197 3654 os·
1235 3653 1245 3670 ,

215 3697 340 3791 sensus,
369 3725 440 3772 non
459 3697 633 3796 pultum,-
645 3702 713 3772 five
730 3725 774 3772 ex
792 3696 1009 3791 conscientia,
1037 3702 1198 3797 nequod

217 3839 382 3920 texuerat,
413 3813 587 3906 videretur
598 3818 728 3907 emisse.
778 3819 966 3924 Proprium
983 3820 1196 3904 humanu·
