3120 4860
402 395 982 484 nunnamulnnxvn
1132 430 1201 505 253
1314 457 1316 467 i

231 577 328 653 diens
346 580 555 654 Fortunatus
581 579 736 668 libertus,
764 579 890 652 adscito
914 577 1060 652 Claudio
1081 578 1204 652 Demi-

231 727 312 791 ano,
332 725 437 797 quem
454 695 501 774 ob
514 699 644 795 flagitia
656 699 812 772 vinetum
831 727 850 772 a
866 703 1002 788 Vetere,
1021 701 1110 772 nfiae
1125 725 1204 795 pro·

231 819 383 909 consule,
415 818 562 896 exsolvit
583 822 681 892 Nero
708 819 744 890 in
767 819 949 915 praemium
974 817 1203 892 accusationis.

230 942 339 1038 Qod
357 939 417 1012 ubi
434 939 617 1036 cognitum
640 964 712 1027 reo,
738 939 852 1035 seque,
878 945 911 1012 ὅτ
930 940 1106 1028 libertum,
1133 939 1205 1036 pari
1256 964 1259 976 ·

231 1059 319 1132 sorte
348 1059 528 1156 componi,
563 1058 767 1138 Formianos
796 1059 831 1130 in
863 1085 965 1156 agros
997 1060 1206 1158 digreditur.

232 1180 308 1252 lllic
343 1206 424 1252 eum
461 1178 585 1251 milites
622 1179 756 1250 occulta
792 1178 945 1252 custodial
974 1179 1203 1252 circumdant.

233 1302 365 1374 Aderat
381 1299 463 1388 filia,
491 1299 591 1394 super
608 1298 768 1396 ingruens
785 1298 990 1395 periculum,
1014 1301 1122 1396 longo
1141 1301 1204 1372 do·

232 1422 304 1492 lore
332 1440 444 1507 atrox,
475 1445 519 1491 ex
548 1445 619 1515 quo
648 1421 853 1514 percussores
881 1419 996 1492 Plauti
1024 1419 1136 1498 mariti
1156 1419 1206 1492 sui

231 1539 385 1612 viderat:
413 1559 661 1634 cruentamque
677 1539 844 1612 cervicem
862 1539 932 1637 ejus
950 1540 1123 1635 amplexa,
1140 1537 1205 1612 ser-

233 1662 337 1732 vabat
361 1657 574 1756 sanguinem,
600 1665 633 1731 δι
651 1659 760 1731 vestes
784 1657 966 1755 respersas;
993 1659 1113 1749 vidua,
1138 1661 1205 1734 im·

231 1781 335 1877 plexa
347 1781 441 1852 luctu
458 1777 637 1866 continu0‚
655 1805 719 1852 nec
737 1779 813 1854 ullis
830 1779 1013 1870 alimentis,
1032 1780 1108 1872 nin,
1128 1808 1207 1880 quae

230 1920 378 1973 mortem
391 1919 553 1974 arcerent.
595 1901 705 1988 Tum,
723 1901 879 1973 hortante
892 1922 1001 1998 patre,
1015 1903 1205 2000 Neapolim

231 2023 356 2120 pergit.
432 2023 478 2092 Et
511 2019 591 2114 quia
629 2019 727 2090 aditu
759 2020 910 2091 Neronis
943 2021 1203 2114 prohibebatur,

233 2143 385 2239 egreffus
407 2141 577 2226 obfidens,
609 2145 636 2179 “
654 2137 786 2210 audiret
802 2135 985 2226 insontem,
1017 2165 1103 2212 neve
1120 2168 1204 2214 con-

234 2259 407 2335 ‘l'sulatbs
421 2257 672 2355 suiquondam·
684 2257 855 2354 collegam
878 2258 1018 2330 dederet
1042 2259 1204 2349 liberto,'’

234 2378 343 2452 modd
361 2377 522 2450 muliebri
537 2375 676 2475 ejulatu,
696 2376 897 2475 aliquand0‚
916 2376 1037 2450 sexum
1059 2382 1204 2476 egreffa,

233 2525 324 2572 voce
346 2496 490 2588 infensa,
511 2498 707 2572 clamitabat
715 2527 726 2584 ;
750 2501 862 2571 donec
886 2497 1049 2594 Princeps
1076 2498 1204 2572 immo·
1285 2544 1290 2554 x

234 2619 340 2694 bilem
356 2619 389 2692 se
402 2621 559 2718 precibus
577 2625 609 2694 δι
623 2618 776 2708 invidiae,
793 2615 898 2715 juxta
910 2618 1070 2690 ostendit.

282 2744 346 2815 XI.
374 2744 482 2816 Esco
506 2740 637 2814 nuntiat
665 2739 766 2838 patri,
803 2747 830 2782 “
857 2738 1001 2838 abjicere
1026 2737 1134 2836 spem,
1170 2742 1205 2812 δι

236 2867 264 2903 “
280 2861 331 2933 uti
352 2863 577 2935 neceffitate.''
625 2861 735 2933 Simul
752 2859 916 2949 adfertur,
949 2868 975 2902 “
995 2861 1105 2958 parari
1120 2886 1205 2957 cog·

236 2989 263 3023 “
282 2980 448 3054 nitionem
471 2980 617 3070 senatos,
637 2985 670 3053 δι
689 3001 821 3054 trucem
839 2979 1077 3052 sententiam.''
1125 2981 1205 3054 Nec

234 3099 388 3191 defuere,
412 3101 472 3198 qui
501 3120 693 3190 monerent,
719 3107 747 3140 “
766 3102 893 3198 magna
919 3125 963 3174 ex
990 3121 1085 3197 parte
1107 3102 1205 3174 here-

237 3227 265 3263 “
283 3220 366 3293 dem
383 3218 551 3294 Caesarem
575 3245 789 3315 nuncupare,
818 3241 922 3319 atque
946 3220 992 3294 ita
1020 3221 1204 3318 nepotibus

235 3343 328 3414 “de
362 3340 495 3438 reliquo
524 3339 745 3414 consulere:‘’
782 3345 877 3438 quod
914 3341 1122 3438 aspernatus,
1160 3369 1205 3416 ne

234 3463 358 3552 viram,
386 3460 542 3558 proxime
571 3461 764 3534 libertatem
787 3464 913 3551 actam,
934 3462 1115 3536 novissimo
1138 3462 1205 3535 ser-

205 3675 212 3696 ,
234 3603 320 3676 vitio
337 3601 500 3694 foedaret,
529 3601 672 3701 largitur
688 3601 725 3674 in
746 3601 870 3692 servos,
901 3625 1069 3700 quantum
1089 3607 1206 3686 aderat

185 3707 217 3832 '¹'
236 3723 392 3821 pecuniae
408 3751 416 3795 ι
444 3728 491 3813 &,
512 3730 539 3765 “
555 3727 576 3795 s1
591 3749 659 3820 qua
671 3721 834 3819 asportari
847 3725 992 3820 pollent,
1010 3725 1069 3798 fibi
1083 3751 1205 3822 quem·

192 3893 195 3899 -
236 3851 263 3884 ‘⁴
280 3870 349 3943 que
376 3845 561 3936 deducere,
586 3862 653 3924 tres
683 3841 790 3916 modd
820 3845 963 3920 lectulos
985 3845 1035 3918 ad
1049 3843 1207 3942 suprema
