3120 4860
429 392 741 488 Auuat'rutu
774 387 886 462 Lru.
915 387 997 464 XV.
1162 411 1234 483 2¹9

259 565 392 642 ciorum
417 563 615 653 altitudine,
645 590 703 638 ac.
720 561 896 661 patesaslis
925 559 1025 650 areis,
1046 559 1238 658 additisque

260 685 462 786 porticibus,
495 709 574 784 quae
611 683 760 758 frontem
782 682 970 756 insularum
1005 700 1237 778 protegerent.

260 813 289 854 “
309 809 377 880 Eas
406 805 586 905 porticus''
611 806 711 878 Nero
736 813 763 848 ‘⁶
777 803 835 880 sui
869 801 1015 902 pecunib
1033 800 1239 891 ,exstrudlu-
1308 859 1312 906 τ

261 933 291 970 “
309 954 404 1016 rum,
436 924 664 1024 purgatasque
692 909 786 998 areas
812 924 963 1001 dominis
980 922 1240 1018 traditurum,n

262 1048 438 1147 pollicitus
469 1047 528 1120 est.
580 1045 733 1120 Addidit
759 1044 900 1142 praemia
917 1071 981 1143 pro
999 1041 1165 1140 cujusque
1186 1068 1241 1114 or-

259 1168 360 1258 dine,
391 1171 425 1239 ὅτ
455 1167 503 1242 rei
531 1165 705 1242 familiaris
728 1165 862 1262 copiis:
890 1165 1073 1262 finivitque
1088 1184 1269 1259 tempus‚.

262 1289 355 1364 intra
390 1288 509 1384 quod‚'
529 1287 657 1362 effodis
683 1286 862 1376 domibuS,
891 1305 949 1360 aut
971 1282 1100 1373 insulis,
1118 1283 1244 1380 adipis·
1316 1305 1336 1354 “.

267 1427 438 1482 cerentur.
469 1415 496 1450 “
510 1407 644 1482 Ruderi
663 1389 868 1504 accipiendo
885 1387 1053 1480 Ostienses
1078 1391 1245 1501 paludes'⁶

230 1531 234 1540 ’
266 1529 471 1618 destinabat,
499 1536 526 1572 “
541 1530 663 1624 utique
691 1546 810 1616 naves,
842 1553 920 1625 quae
942 1524 1159 1601 frumentum
1182 1522 1247 1596 Ti-

268 1649 389 1722 “beri
411 1648 674 1738 subvesiass'ent,
699 1647 833 1720 onustae
862 1647 987 1719 rudere
1014 1646 1247 1720 decurrerent.

268 1776 297 1812 “
314 1767 552 1866 AEdificiaqtre
569 1767 640 1864 ipsa
657 1767 758 1842 certa
777 1766 827 1840 sul
857 1787 968 1864 parte,
992 1770 1059 1842 stne
1076 1765 1247 1852 trabibus,

268 1888 396 1984 “saxo
421 1889 561 1964 Gabino
588 1890 776 1963 Albanove
809 1888 1036 1964 solidarentur
1078 1885 1196 1986 (quod
1220 1887 1249 1959 is

236 2017 298 2083 ..“
317 2008 403 2106 lapis
428 2009 571 2106 ignibus
596 2008 788 2105 impervius
817 2009 897 2099 est).
948 2011 1030 2100 Jam
1060 2034 1151 2104 aqua
1178 2007 1250 2105 pri·

271 2137 300 2174 “
318 2128 635 2203 vatorum'licentid
651 2129 856 2224 intercepta,
875 2126 947 2224 qud
964 2126 1105 2224 largior,
1124 2133 1157 2200 ἃ
1174 2130 1251 2224 plu-

271 2258 300 2296 “
318 2251 415 2324 ribus
441 2249 527 2322 locis
558 2248 594 2320 in
628 2247 810 2344 publicum
842 2250 976 2336 flueret,
1004 2246 1187 2319 custodes:
1217 2254 1251 2322 dt

232 2425 235 2434 ,
271 2380 299 2419 “
318 2370 464 2444 subsidia
480 2368 706 2466 reprimendis
723 2367 877 2468 ignibus,
898 2367 936 2443 in
961 2369 1144 2468 propatulo
1161 2367 1253 2464 quis·
1358 2460 1363 2468 .

273 2499 390 2589 “que
417 2492 584 2580 haberet3
610 2516 675 2564 nec
697 2490 950 2564 communione
976 2487 1163 2588 parietum,
1195 2487 1255 2560 sed

274 2611 469 2710 “propriis
500 2637 649 2713 quaque
673 2611 782 2686 muris
811 2610 1061 2686 ambirentur.''
1122 2613 1175 2682 Ea
1209 2633 1255 2684 ex

272 2733 420 2809 utilitate
439 2753 596 2829 accepta,
615 2734 778 2808 decorem
796 2757 937 2830 quoque
959 2756 1061 2806 uovae
1085 2729 1178 2806 Urbi
1202 2749 1252 2802 atr-

275 2857 398 2934 tuldre.
450 2857 559 2926 Erant
589 2873 706 2926 tamen
739 2853 801 2952 qui
833 2854 1024 2944 crederent,
1061 2861 1256 2926 “veterem

279 2976 424 3050 “illam
465 2972 615 3048 sormam
654 2973 840 3048 salubritati
886 2975 997 3075 magis
1036 2975 1256 3064 conduxisse,

277 3104 304 3140 “
325 3095 490 3194 quoniam
509 3091 673 3192 angustia
699 3094 878 3186 itinerum,
909 3100 943 3168 δι
976 3095 1124 3168 altitudo
1147 3096 1256 3168 tedio·
1360 3139 1363 3144 ι

250 3292 252 3296 ,
279 3225 307 3268 “
327 3243 406 3290 rum
423 3243 495 3290 non
515 3215 658 3314 perinde
674 3213 752 3290 solis
769 3241 900 3314 vapore
917 3218 1258 3313 perrumperentur.''

278 3343 328 3414 At
347 3363 440 3411 nunc
457 3339 613 3434 patulam
628 3336 863 3427 latitudinem,
888 3343 921 3412 ἃ
946 3339 1041 3411 nulla
1057 3339 1181 3412 umbrs
1196 3336 1258 3413 d'e-
1293 3344 1295 3348 ’
1408 3339 1411 3350 “

277 3458 422 3560 sensam,
451 3458 612 3556 graviore
636 3457 719 3531 aestu
744 3455 928 3532 ardescere.

255 3585 264 3592 ’
327 3582 463 3654 XLIV.
486 3581 542 3652 Er
561 3603 648 3652 rrae
669 3577 814 3676 quidem
831 3577 994 3652 humanis
1012 3579 1157 3652 confiliis
1175 3604 1258 3675 pro·

282 3701 503 3776 videbantur.
562 3703 656 3774 Mox
682 3698 800 3796 ,petita
817 3700 893 3773 diis
919 3699 1068 3797 piacula,
1104 3701 1260 3795 aditique

281 3822 423 3930 Sibylla
452 3821 546 3913 libri,
577 3846 622 3902 err
640 3819 1018 3922 quibussupplicatum
1041 3821 1200 3896 Vulcano
1225 3821 1259 3901 dt
