3076 4868
392 377 708 470 'nnuman
737 367 959 494 LrnXIL
1160 417 1203 497 57

283 569 460 647 XXXIII.
503 575 606 649 Ibunt
638 574 719 648 inde
755 577 791 648 in
819 575 960 672 Siluras,
996 570 1096 670 super
1123 593 1205 670 pro-
1321 591 1323 596 '

236 693 347 790 priam
364 692 543 785 ferociam,
568 696 745 769 Caractaci
758 696 886 769 viribus
903 693 1071 769 confisos:
1100 717 1209 790 quern
1422 715 1425 724 ·

234 817 345 888 multa
377 817 556 914 ambigua,
592 817 710 908 multa⁸
740 814 901 913 prospera
929 817 1135 904 extulerant,
1169 834 1209 886 ut

236 953 363 1008 ceteros
375 936 614 1010 Britannorum
631 935 848 1032 imperatores
866 935 1090 1033 praemineret.
1140 936 1210 1009 Sed

235 1073 313 1127 tum
330 1057 415 1147 albi,
445 1075 521 1128 tum
544 1058 702 1128 locorum
726 1055 844 1130 fraude
869 1058 975 1153 prior,
1005 1057 1040 1131 vi
1057 1057 1208 1131 militum

234 1173 392 1266 inferior,
429 1173 593 1275 transfert
621 1177 753 1247 bellum
776 1177 812 1248 in
838 1177 1040 1268 Ordouicas,
1070 1173 1209 1252 additis-

96 1358 99 1366 .
194 1297 198 1320 ‘
236 1321 319 1390 que,
346 1295 408 1392 qui
441 1320 562 1392 pacem
583 1293 731 1368 nostram
760 1297 973 1386 metuebant,
991 1298 1211 1370 noviffimum

239 1413 355 1488 casum
382 1415 580 1512 experitur:
618 1414 754 1511 sumpto
786 1419 832 1488 ad
865 1417 1029 1514 proelium
1056 1419 1148 1506 loco,
1176 1435 1216 1493 ut

236 1535 360 1623 aditus,
383 1533 563 1624 abscessus,
590 1537 714 1608 cuncta
729 1535 830 1608 nobis
852 1537 1068 1634 importuna,
1096 1543 1130 1611 δι
1146 1536 1215 1611 suis

234 1655 271 1728 in
305 1654 429 1728 melius
457 1657 570 1728 client.
630 1657 735 1728 Tunc
764 1657 941 1729 montibus
970 1657 1098 1746 arduis,
1127 1659 1169 1730 δι’
1189 1659 1238 1730 fi-

235 1801 304 1874 qua
329 1776 516 1849 clementer
544 1775 664 1849 accedi
689 1797 857 1873 poterant,
887 1777 923 1849 in
950 1779 1099 1852 modum
1132 1777 1215 1852 v‘alli

142 1893 147 1900 ’
193 1895 195 1900 ’
233 1896 313 1970 saxa
330 1895 526 1995 prastruita
554 1901 587 1970 bt
612 1899 813 1992 praefluebat
830 1897 940 1970 amnis
957 1899 1048 1971 vado
1064 1900 1211 1990 incerto,

234 2040 441 2115 catervaque
456 2014 630 2113 majorum
656 2041 719 2113 pro
738 2016 962 2090 munimentis
979 2019 1213 2093 constiterant.

167 2113 171 2126 „
284 2139 459 2214 XXXIV.
486 2142 549 2211 Ar>
584 2160 661 2207 troc
694 2133 853 2230 gentium
881 2135 1042 2208 ductores
1067 2135 1214 2212 circum..

136 2234 148 2264 ι’
235 2262 299 2352 ire,
354 2258 496 2346 hortari,
543 2257 680 2326 firmare
712 2254 859 2344 animos,
895 2253 1103 2327 minuendo
1142 2283 1226 2330 me»
1291 2284 1299 2294 ·
1339 2249 1341 2252 ⁵

236 2401 290 2469 tu,
316 2378 538 2452 accendenda
566 2375 638 2473 spe,
682 2373 825 2472 aliisque
856 2373 939 2480 belli
972 2374 1215 2449 incitamentis.

239 2496 433 2572 Enimverb
450 2499 655 2572 Caraclacus
676 2498 745 2570 huc
771 2495 855 2568 illuc
873 2495 1035 2587 volitans,
1069 2504 1096 2539 “
1115 2498 1216 2571 illum

237 2626 265 2661 “
281 2617 390 2707 diem,
425 2617 524 2707 illam
560 2604 695 2692 aciem''
735 2617 932 2706 testabatur,
971 2623 999 2659 “
1025 2637 1084 2690 aut
1121 2618 1214 2690 reci-

237 2745 265 2782 “
285 2739 444 2834 perandae
472 2733 652 2828 libertatis,
669 2758 744 2810 aut
777 2735 946 2810 servitutis
981 2757 1115 2811 aeternae
1148 2737 1215 2812 ini-

239 2857 374 2928 “tium
401 2855 500 2929 fore:
528 2859 746 2955 vocabatque
772 2857 914 2930 nomina
941 2856 1128 2954 majorum,
1155 2861 1217 2957 qui

240 2986 268 3022 “
287 2977 492 3050 diciatorem
519 2974 688 3050 Caesarem
713 2977 936 3075 pepulillent:
965 3005 1114 3075 quorum
1145 2980 1215 3052 vir·

239 3105 267 3142 “
285 3117 358 3171 tute
380 3095 481 3169 vacui
510 3123 531 3168 a
557 3095 729 3170 securibus
765 3103 798 3172 &
829 3098 980 3188 tributis,
1015 3099 1219 3174 intemerata

239 3216 473 3316 “conjugum
510 3215 551 3288 ’δι
595 3216 790 3292 liberorumv
821 3225 966 3315 corpora
997 3219 1217 3294 retinerent'?

238 3341 332 3414 Haec
347 3357 452 3434 atque
469 3336 550 3409 talia
566 3336 708 3428 dicenti,
723 3338 911 3436 adstrepere
930 3340 1072 3436 vulgus3
1093 3339 1216 3438 gentili

202 3478 209 3490 ·
238 3457 383 3558 quisque
406 3458 574 3556 religione
586 3457 766 3556 obstringi,
796 3467 823 3501 “
841 3485 912 3532 non
928 3457 1018 3549 telis,
1045 3486 1119 3534 non
1139 3463 1217 3533 vul·

238 3587 268 3624 “
287 3580 426 3654 neribus
440 3579 623 3653 ceffuros.''
946 3575 947 3580 ’

289 3702 445 3774 XXXV.
483 3701 786 3774 Ossrunarrcrr
828 3727 868 3774 ea
901 3700 1054 3798 alacritas
1090 3703 1217 3774 ducem
1303 3739 1308 3752 ·

42 3889 54 3906 ,
149 3840 152 3846 ’
241 3823 464 3896 Romanum:
492 3822 592 3898 simul
620 3817 774 3918 objectus
801 3821 927 3916 amnis,
955 3819 1116 3896 additum
1143 3821 1216 3893 val-
