3120 4860
331 367 401 440 216
547 364 587 438 C.
621 363 1179 464 CotuatuTncrrjt·

331 543 424 618 ribus
456 557 517 613 aut
545 537 657 614 fronte
691 540 1050 616 circumveniebantur
1063 515 1085 614 εκ
1115 543 1184 632 vel,
1220 545 1242 614 fi
1273 542 1313 614 in

332 661 493 760 proxima
523 661 712 752 evaserant,
754 661 820 735 illis
850 688 992 760 quoque
1020 663 1094 760 igni
1126 661 1311 758 correptis,

330 779 450 869 etiam,
469 807 548 878 quae
571 782 766 882 longinqua
781 781 1013 873 crediderant,
1032 783 1068 856 in
1089 784 1216 856 eodem
1232 778 1314 854 casu
1378 851 1382 864 ,

331 902 619 998 reperiebantur.¹
653 903 847 992 Postremi),
866 903 952 1002 quid
965 903 1125 994 vitarent,
1146 901 1231 1000 quid
1257 912 1336 999 pe?

288 1081 291 1086 .
326 1041 440 1095 terent
465 1023 636 1122 ambigui,
667 1027 844 1122 complere
869 1024 955 1114 vias,
979 1023 1083 1098 sterni
1106 1049 1167 1121 per
1186 1049 1307 1122 agros:

329 1143 474 1242 quidam
503 1147 627 1219 amissis
656 1145 822 1220 omnibus
848 1144 994 1219 fortunis
1024 1144 1136 1220 diurni
1167 1167 1310 1242 quoque

330 1265 458 1355 vietus,
487 1266 543 1338 alii
571 1267 710 1341 caritate
739 1265 893 1356 suorum,
924 1293 1011 1364 quos
1033 1265 1165 1364 eripere
1186 1263 1310 1362 nequi÷

331 1405 467 1476 verant,
498 1388 658 1484 quamvis
676 1407 814 1485 patente
835 1386 981 1486 effugi0,
1014 1386 1182 1462 interidre.
1231 1387 1312 1460 Nec

330 1504 514 1606 quisquam
540 1505 726 1580 defendere
760 1509 924 1594 audebat,
956 1507 1083 1582 crebris
1117 1507 1312 1584 multorum

332 1629 434 1700 minis
462 1626 674 1721 restinguere
702 1624 964 1720 prohibentium
973 1655 984 1710 ;
1014 1630 1047 1698 δι
1066 1625 1147 1724 quia
1173 1627 1231 1700 alii
1248 1653 1312 1725 ρει,

330 1750 400 1818 lam
418 1744 506 1818 faces
516 1742 706 1839 jaciebant,
726 1760 831 1839 atque
849 1743 909 1816 fibi
927 1747 994 1817 effe
1011 1747 1191 1820 auetorem
1209 1748 1311 1822 voci-

328 1865 526 1962 ferabantur
539 1891 550 1950 ;
587 1867 655 1936 five
669 1841 729 1936 ''ut
757 1883 874 1960 raptus
906 1861 1064 1938 licentius
1093 1853 1314 1960 exercerent,

328 1982 505 2084 seujuffu.'
1030 1987 1033 1994 ’
1064 1997 1070 2010 “

377 2107 554 2182 XXXIX.
583 2109 639 2180 Eo
672 2131 716 2180 tu
744 2125 903 2204 ternpore
927 2107 1040 2197 Nera,
1064 2107 1160 2182 Antii
1189 2134 1311 2208 agens,

327 2255 400 2304 non
431 2228 509 2301 ante
534 2227 571 2300 in
597 2231 736 2302 Urbem
764 2230 929 2325 regreffut
958 2229 1019 2318 est,
1048 2229 1156 2327 quim
1184 2229 1311 2306 domui

327 2350 413 2449 ejus,
433 2351 502 2449 qui
522 2347 690 2446 palatium
709 2353 742 2424 bt
760 2349 968 2426 Maecenatis
984 2351 1102 2423 hortos
1129 2351 1332 2424 continua·

235 2531 237 2538 .
327 2493 437 2562 verat,
462 2471 551 2570 ignis
572 2469 832 2568 propinquaret.
884 2472 1012 2568 Neque
1025 2491 1141 2546 tamen
1161 2470 1227 2544 fisti
1245 2497 1310 2568 po-

326 2593 407 2682 tuit,
428 2569 514 2689 quin
532 2595 565 2663 δι
583 2591 751 2686 palatium
770 2597 803 2665 br
822 2592 962 2680 domus,
983 2595 1016 2664 δι
1035 2594 1159 2667 cunda
1176 2591 1310 2673 circum

327 2713 555 2788 haurirentur.
617 2711 684 2784 Sed
713 2710 871 2784 solatium
904 2712 1037 2809 populo
1062 2714 1242 2786 exturbato
1273 2717 1309 2787 bt

327 2833 492 2934 profugo,
511 2853 677 2928 campum
699 2832 837 2922 Martis,
861 2858 901 2909 ac
919 2853 1151 2912 monumenta
1176 2833 1308 2932 Agrip.

326 2983 393 3054 pae,
424 2957 545 3034 hortos
574 2951 788 3050 quinetiam
820 2952 913 3044 suos,
945 2952 1130 3052 patefecit:
1157 2959 1189 3028 δι
1217 2955 1310 3032 subi.
1412 3057 1417 3066 ι
1469 2931 1471 2938 '

325 3077 413 3149 taria
446 3073 593 3156 aedificia
619 3074 801 3164 exstruxit,
836 3101 914 3174 quae
944 3076 1207 3155 multitudinem
1233 3076 1310 3150 ino-

326 3222 408 3294 pem
432 3194 639 3291 acciperent:
689 3197 931 3294 Subvedaque
955 3197 1112 3275 utenfilia
1134 3200 1179 3274 ab
1196 3197 1308 3286 ostia,

326 3314 592 3414 &propinquis
622 3315 841 3413 municipiis„
884 3317 1112 3416 Pretiumque
1141 3317 1307 3392 frumenti

325 3438 518 3526 minutum,
538 3434 707 3534 usquead
726 3457 842 3510 ternos
859 3464 1034 3520 nummos.
1053 3445 1157 3537 Qae,
1178 3463 1304 3536 quant,-¹

324 3585 431 3661 quarn
449 3556 644 3654 popularia,
664 3537 700 3630 iri
718 3557 852 3632 irritum
871 3561 1054 3648 cadebant,
1086 3558 1167 3657 quia
1184 3583 1306 3654 perva-
1376 3561 1380 3566 ’

324 3681 410 3754 serat
451 3703 581 3767 rumor,
622 3687 648 3720 “
667 3676 740 3776 ipso
776 3700 935 3776 tempore
963 3677 1140 3777 flagrantis
1156 3746 1163 3784 Ι
1181 3669 1307 3770 Urbis,

326 3812 352 3847 “
372 3799 466 3894 iniffe
480 3799 560 3876 eum
573 3799 803 3890 domesticam
821 3797 971 3891 scenam,
992 3796 1198 3884 &cecinisse
1213 3798 1292 3884 Tru
