3076 4868
331 323 373 399 18
545 319 1133 400 denintunam

375 499 478 581 XXI.
504 497 565 572 Da
605 481 773 572 omenta
808 497 919 572 Curtii
953 501 1055 592 Rufi,
1090 525 1198 599 quem
1230 503 1307 599 gla-

325 617 457 691 diatore
486 619 644 727 genitum
676 619 824 718 quidam
857 620 1053 719 prodidtlre,
1082 647 1202 720 neque·
1227 619 1310 706 falsa

325 737 567 837 prompserim,
597 744 741 816 &nera
770 739 911 840 exsequi
941 744 1061 840 pudet.
1119 742 1309 840 Postquam

324 861 492 952 adolevit,
516 859 661 936 sedator
683 863 876 961 quaestoris,
904 864 961 940 cui
977 862 1099 938 Africa
1119 862 1307 962 obtigerat,

324 982 412 1056 dum
429 981 465 1054 in
482 982 615 1080 oppido
635 983 834 1061 Adrumeto
851 983 969 1060 vacuis
986 1009 1048 1082 per
1065 983 1224 1064 medium
1240 979 1311 1061 diei

323 1103 513 1201 porticibus
535 1102 680 1178 secretus
697 1104 819 1202 agitat,
845 1107 964 1180 oblata
986 1104 1018 1178 ei
1036 1103 1166 1203 species
1183 1105 1308 1178 mulie-

324 1223 395 1302 bris
420 1226 512 1298 ultra
537 1228 688 1302 modurn
714 1227 924 1317 humanum,
953 1226 1123 1302 &audita
1138 1225 1187 1301 est
1210 1249 1307 1308 vox:

324 1353 352 1388 “
369 1348 431 1419 Tu
447 1373 497 1439 eS,
521 1346 630 1436 Rufe,
656 1346 772 1443 quiin
787 1349 877 1418 hanc
901 1346 1120 1442 provinciam
1142 1373 1206 1442 pro
1225 1371 1309 1422 con-

323 1473 352 1510 “
368 1466 441 1540 sule
458 1467 611 1540 venies.''
659 1464 741 1538 Tali
756 1463 876 1536 omine
893 1463 930 1535 in
953 1463 1050 1561 spem
1066 1464 1232 1554 sublatus,
1254 1465 1310 1540 di-

322 1585 520 1685 greffusque
553 1585 590 1657 in
622 1586 775 1674 Urbem,
811 1588 845 1662 bt
879 1583 1063 1683 largitione
1096 1583 1314 1678 anticorum,

319 1709 420 1782 limul
437 1704 506 1781 acri
523 1703 686 1804 ingenio,
699 1704 923 1804 quaesturam,
949 1709 983 1778 ὅτ
998 1725 1086 1781 mox
1103 1706 1236 1788 nobiles
1255 1705 1310 1780 in-

320 1847 372 1902 ter
399 1825 611 1902 candidatoo
626 1847 814 1925 praeturam
830 1825 1001 1924 Principis
1027 1825 1192 1926 suffragio
1213 1825 1309 1900 adse·

322 1947 463 2047 quitur:
496 1949 579 2024 ciam
607 1946 699 2024 hisce
728 1947 845 2023 verbis
873 1946 1038 2022 Tiberius
1067 1947 1220 2024 dedecus
1246 1973 1333 2022 na-·
1418 2009 1422 2034 .
1513 1947 1514 1972 ¹

319 2069 443 2144 talium
472 2068 544 2169 ejus
577 2070 767 2162 velaviffet,
803 2069 991 2146 “Curtius
1022 2041 1139 2146 Rufus
1172 2068 1311 2146 videtur

322 2197 350 2232 “
369 2191 457 2266 mihi
474 2191 568 2266 exse
584 2194 721 2266 natus.”
770 2194 901 2290 Longa
914 2189 993 2288 post
1010 2191 1085 2264 haec
1101 2179 1250 2280 scheda,
1274 2185 1309 2265 a·

322 2312 490 2387 adversus
513 2313 700 2409 superiores
715 2311 802 2383 tristi
818 2311 1033 2402 adulatione,
1060 2336 1223 2410 arrogans
1240 2309 1308 2386 mi-

321 2433 479 2520 noribus,
501 2431 591 2502 inter
607 2455 706 2525 pares
722 2428 888 2518 difficilis,
907 2430 1084 2504 consulare
1101 2431 1312 2528 imperium,¹

320 2549 489 2646 triumphi
510 2547 668 2645 infignia,
692 2573 737 2625 ac,
749 2547 928 2644 postremi>
946 2532 1105 2622 Africam
1129 2550 1305 2624 obtinuit:

322 2693 429 2769 atque
453 2668 502 2742 ibi
520 2668 719 2760 defunctus,
744 2667 846 2741 fatale
863 2666 1071 2767 prasagium
1094 2654 1267 2766 impleuit.

370 2792 493 2888 XXII.
518 2792 698 2864 Intonuit
729 2794 872 2879 Romae,
898 2787 1002 2862 nullis
1030 2789 1161 2887 palam,
1192 2815 1311 2889 neque

259 2923 262 2934 '
320 2909 471 3009 cognitis
498 2939 585 2985 mox
610 2916 729 3002 causis,
758 2913 826 2986 Cn.
850 2909 1003 3001 NoviuS,
1035 2909 1177 3010 infignis
1201 2901 1308 3010 eques

251 3059 256 3076 ³
300 3036 522 3130 &Romanum
548 3031 639 3104 ferro
666 3034 839 3108 accindus
868 3031 1037 3130 reperitur
1068 3030 1106 3104 in
1131 3052 1227 3112 coetu
1255 3029 1305 3106 sa·
1356 3117 1359 3124 ¹

319 3153 509 3226 lutantiutn
536 3153 760 3250 Principem:
797 3179 881 3226 nam
911 3153 1097 3252 postquam
1125 3153 1311 3238 tormentis

238 3362 241 3368 ,
319 3272 564 3365 dilaniabatur,
593 3275 639 3348 de
660 3273 878 3378 seNovius:
910 3274 1062 3386 conscios
1084 3300 1155 3348 non
1180 3271 1306 3363 edidit,

233 3395 238 3407 ¹
318 3396 492 3468 incertum
508 3422 553 3469 an
569 3397 760 3470 occultans.
810 3393 937 3469 Iisdem
954 3393 1151 3502 consulibua
1168 3394 1208 3466 P.
1226 3395 1303 3468 Do-

321 3517 453 3590 labella
465 3515 596 3590 censuit
612 3523 639 3559 “
651 3514 883 3615 speetaculum
901 3516 1134 3616 gladiatorum
1151 3539 1212 3611 pet
1224 3539 1303 3588 om·

255 3643 284 3744 '¹
323 3644 351 3680 “
370 3663 431 3710 nes
463 3664 572 3711 annos
600 3638 864 3729 celebrandum,
896 3634 1044 3736 pecunia
1071 3660 1214 3728 eorum„
1240 3635 1306 3733 qui

322 3767 350 3804 “
368 3759 576 3859 quastutam
588 3756 891 3860 adipiscerentur.''
940 3757 1051 3856 Apud
1067 3751 1213 3855 majores
1229 3755 1300 3829 vir-
