3076 4868
315 392 360 486 56
530 383 877 460 ceolmaer
903 385 1100 460 Tncrrr

227 624 234 636 .
311 587 364 636 nae
388 559 560 657 delegdre,
590 559 724 660 septum
751 561 877 660 agresti
894 587 1036 662 aggere,
1061 559 1207 634 &aditu
1225 579 1289 634 an·

312 681 425 778 gusto,
455 705 500 753 ne
527 680 663 777 pervius
689 682 798 780 equiti
823 680 920 756 foret.
984 685 1038 756 Ea
1070 679 1290 778 munim—enta

310 801 385 874 dux
410 803 607 892 Romanus,
636 827 853 900 quamquam
869 806 937 876 fine
957 805 1093 876 robore.
1106 798 1290 897 legionum

309 917 446 993 sociales
463 920 581 1018 copias
598 923 760 1013 ducebat,
779 949 998 1021 perrumpere
1014 919 1229 1020 adgreditur,
1253 918 1287 992 δι

309 1037 497 1114 distributis
530 1037 747 1132 cohortibus,
781 1064 912 1118 turmas
944 1068 1098 1142 quoque,
1132 1039 1291 1139 peditum

310 1163 355 1234 ad
371 1161 493 1236 munia
508 1162 669 1261 accingit.
719 1165 823 1238 Tunc
849 1166 932 1238 dato
954 1167 1051 1262 signo
1076 1159 1291 1262 perfringunt

310 1305 491 1379 aggerem,
510 1280 642 1380 suisque
659 1284 810 1358 claustris
826 1285 1014 1382 impeditos
1031 1287 1181 1358 turbant.
1224 1287 1291 1356 At·

312 1427 382 1499 que
397 1402 448 1476 illi
466 1401 672 1478 conscientia
690 1405 898 1494 rebellionis,
921 1409 955 1476 δι
974 1404 1123 1500 obseptis
1140 1400 1291 1500 effugiis,

310 1524 473 1596 multa&
495 1526 587 1596 clara
603 1521 756 1596 facinora
776 1511 897 1594 secdre.
947 1523 1028 1618 Qia
1058 1525 1178 1619 pugnal
1202 1522 1294 1596 lilius

309 1643 430 1740 legati,
450 1645 506 1714 M.
528 1641 700 1731 Ostorius,
726 1639 849 1714 servati
872 1639 959 1714 civis
983 1629 1089 1714 decus
1110 1641 1250 1716 meruit.-

359 1762 516 1836 XXXII.
543 1762 739 1834 Caranum
759 1761 858 1834 clade
886 1762 1074 1834 Icenorum
1092 1761 1289 1858 composui,

310 1881 372 1981 qui
389 1882 521 1955 bellum
548 1877 686 1957 inter&
711 1906 836 1980 pacem
851 1879 1077 1968 dubitabant;
1109 1886 1142 1956 ἃ
1169 1883 1294 1956 duetus

310 2001 348 2074 in
366 2003 507 2100 Cangos
524 2001 708 2076 exercitus.
759 2001 891 2076 Vastati
914 2002 1003 2101 agri,
1030 2005 1155 2101 praedae¹
1173 2005 1311 2101 passim·
1344 2009 1348 2016 ’

310 2123 418 2200 aslae:
444 2148 516 2196 non
541 2126 626 2196 ausls
649 2121 760 2196 aciem
781 2121 948 2214 hostibus,
972 2125 1068 2198 velfi
1092 2151 1137 2198 ex
1153 2125 1293 2223 occulto

312 2268 455 2342 carpere
473 2269 602 2344 agmen
619 2262 804 2347 tentarent,
822 2243 947 2341 punito
963 2247 1058 2318 dolo
1091 2249 1191 2341 *Jam
1206 2269 1293 2323 ven·
1342 2225 1344 2229 ¹

312 2386 390 2438 tum
417 2367 512 2438 haud
529 2365 655 2459 procul
671 2363 770 2450 mari,
796 2365 894 2458 quod
912 2364 1125 2444 Hiberniam
1148 2363 1294 2438 insulam
1396 2423 1401 2434 .

313 2483 486 2580 aspeclat;
516 2481 598 2552 cum
619 2499 704 2552 ortae
720 2482 817 2574 apud
840 2481 1016 2577 Brigantas
1033 2486 1223 2558 ,discordiae
1239 2511 1293 2558 re·
1374 2551 1378 2562 ,

311 2605 446 2676 ῑῑακὲτε
463 2600 604 2687 ducem,
622 2597 857 2670 destinationis
874 2620 1023 2689 certum,
1049 2628 1094 2675 ne
1110 2628 1201 2674 nova
1217 2629 1293 2674 mo-

312 2724 443 2808 liretur,
482 2716 544 2790 nisr
588 2716 759 2816 prioribus
811 2718 963 2796 firmatis.
1033 2724 1081 2794 Et
1114 2721 1294 2820 Brigantes

310 2839 474 2938 quidem,
494 2838 628 2934 paucis,
660 2839 720 2936 qui
737 2865 835 2913 arma
852 2842 1069 2936 coeptabant,
1094 2820 1295 2936 interfectis,

312 2960 357 3032 in.
375 2956 629 3053 reliquos-data
657 2959 772 3050 venial,
797 2959 960 3034 resedsre.
1009 2963 1161 3039 Silurum
1195 2991 1294 3064 gens,
1346 2951 1349 2956 ⁵

313 3105 386 3152 non
416 3076 607 3166 atrocitate,
642 3106 714 3152 non
748 3080 933 3196 clementis
966 3085 1177 3188 mutabatur,
1208 3087 1294 3185 quin

312 3199 447 3274 bellum
474 3217 659 3287 exerceret,
691 3199 873 3298 castrisque
901 3202 1081 3300 legionum
1106 3209 1296 3302 premenda

313 3318 414 3392 soret.
453 3318 495 3390 ld
508 3316 584 3414 'qud
602 3317 797 3414 promptius
815 3320 958 3412 veniret,
972 3325 1112 3398 colonia
1129 3328 1294 3400 Camulo-

314 3440 451 3512 dunum
486 3429 601 3510 ualida
630 3456 875 3513 veteranorum
908 3455 1028 3518 manu
1047 3445 1228 3518 deducitur
1256 3443 1298 3520 in.

314 3583 415 3656 agros
447 3558 616 3654 captivos,
650 3555 839 3632 subsidium
871 3562 1035 3637 adversus
1065 3565 1226 3657 rebelles,
1258 3569 1294 3640 ὅτ

314 3675 513 3754 imbuendis
537 3675 635 3752 sociis
658 3678 702 3752 ad
725 3679 839 3758 officia
854 3683 987 3780 legum.
