3120 4860
435 311 746 443 durnerunt
768 361 879 443 Lrn.
906 363 1004 444 XVI.
1152 389 1222 475 259

277 536 409 618 XVIII.
435 547 496 617 Da
527 546 569 617 C.
586 544 749 618 Petronio
778 571 889 643 pauca
913 543 1012 642 snpra
1040 546 1226 640 repetenda

251 664 338 738 sunt.
388 668 485 740 Nam
502 665 552 737 illi
569 664 642 738 dies
659 691 720 762 per
736 663 911 755 somnum,
944 691 1016 738 nox
1040 664 1159 738 officiis
1188 669 1222 737 δε

251 784 513 859 obleetamentis
551 783 631 858 vitae
661 787 918 884 transigebatur.
983 788 1107 882 thue
1138 783 1222 858 alios

249 904 428 995 industria,
454 906 500 978 ita
517 907 609 978 hunc
626 905 764 1002 ignavia
792 907 835 978 ad
863 905 993 979 famam
1009 907 1221 1002 protulerat;
1306 989 1308 998 Ι
1387 899 1392 908 ’

249 1027 510 1123 habebaturque
538 1051 608 1099 non
627 1029 788 1124 ganeo&
807 1025 1023 1122 profligator,
1048 1047 1088 1098 ut
1120 1026 1222 1124 pleri-

250 1163 320 1243 que
335 1135 392 1219 sua
407 1145 650 1235 haurientium,
676 1145 734 1218 sed
748 1146 881 1218 erudito
900 1147 998 1218 luxu.
1048 1152 1104 1220 Ac
1129 1146 1222 1220 dieta

249 1263 407 1364 fatuque
436 1265 507 1365 ejus
535 1264 666 1364 quantb
691 1266 864 1356 solutiora,
896 1271 929 1340 a
956 1266 1145 1363 quamdam
1169 1265 1221 1340 sul

249 1385 499 1484 negligentiam
519 1384 744 1484 praeferentia,
763 1387 859 1460 tantb
876 1386 1004 1486 gratius
1021 1385 1056 1458 in
1074 1385 1223 1482 speciem
1247 1373 1249 1376 ⁵

249 1505 470 1603 fimplicitatis
495 1506 761 1604 accipiebantur.
812 1505 1001 1580 Proconsul
1024 1528 1143 1579 tamen
1165 1506 1221 1578 Bi·

247 1627 389 1721 thyniae,
420 1630 453 1699 δι
481 1652 568 1700 mox
597 1625 728 1716 consul,
752 1626 931 1724 vigentem
956 1626 1002 1716 se,
1028 1652 1069 1700 ac
1099 1649 1220 1722 parem

245 1745 394 1844 negotiis
428 1746 598 1820 ostendite
635 1746 716 1822 dein
748 1748 924 1820 revolutus
950 1748 995 1820 ad
1021 1745 1119 1850 vitia,
1161 1743 1219 1818 seu
1325 1783 1339 1796 =

243 1866 407 1940 vitiorum
431 1865 677 1955 imitationem,
717 1866 804 1938 inter
832 1893 959 1963 paucos
993 1865 1218 1940 familiarium

243 1986 380 2060 Neroni
411 1985 613 2082 adsumptus
641 1986 704 2074 est,
741 1987 920 2080 elegantiae
956 1987 1097 2075 arbiter,
1130 1989 1218 2060 dum

223 2105 331 2180 'nihil
363 2131 558 2194 amoenum,
605 2109 639 2176 br
666 2104 770 2176 molle
799 2103 971 2176 affluentia
1008 2125 1121 2200 putat,
1155 2107 1218 2180 nisi

243 2228 340 2323 quod
368 2225 399 2298 ei
428 2223 608 2298 Petronius
636 2222 902 2319 adprobavillet.
951 2225 1060 2297 Unde
1085 2225 1218 2300 invidia

241 2342 423 2441 Tigellini,
442 2345 534 2439 quasi
551 2343 714 2419 adversus
733 2345 915 2433 amulum,
943 2349 976 2418 δι
998 2343 1136 2419 scientia
1154 2372 1217 2420 vo·

242 2466 417 2561 luptatum
434 2462 616 2560 potiorem.
660 2461 761 2562 Ergo
776 2453 1016 2540 crudelitatem
1031 2459 1217 2564 Principis,

241 2584 297 2658 cui
327 2603 447 2658 cetera
464 2583 626 2658 libidines
642 2585 827 2674 cedebant,
854 2565 1067 2683 adgreditur,
1096 2587 1216 2662 amici-

240 2705 325 2778 tiam
341 2705 478 2779 Scevini
495 2703 659 2778 Petronio
676 2702 850 2801 objeelans
865 2733 875 2790 3
900 2727 1065 2805 corrupto
1092 2707 1137 2780 ad
1162 2706 1216 2780 in-

135 2810 146 2826 “
240 2824 373 2898 dicium
397 2824 509 2916 servo,
536 2825 769 2922 ademptaque
795 2821 1004 2916 defenstone,
1032 2824 1217 2925 &majore

240 2965 337 3044 parte
362 2944 501 3018 familiae
526 2945 562 3018 in
587 2945 702 3020 vincla
725 2947 834 3042 rapta.

186 3097 188 3111 ·
290 3067 393 3138 XIX.
429 3069 562 3140 Fonra
581 3065 647 3138 illis
664 3066 787 3140 diebus
804 3065 1031 3166 Campaniam
1050 3068 1216 3165 petiverat

196 3197 210 3208 '
238 3183 363 3275 Caesar,
395 3191 428 3259 δι
455 3189 584 3260 Cumas
601 3186 707 3284 usque
724 3189 918 3286 progrellus
942 3189 1125 3264 Petronius
1142 3189 1215 3264 illic

238 3307 458 3382 attinebatur.
508 3309 587 3381 Nec
605 3307 683 3380 tulit
701 3308 792 3381 ultra
810 3307 944 3381 timoris
960 3330 1020 3382 aut
1037 3309 1105 3406 spei
1135 3337 1212 3384 mo-

237 3455 288 3502 ras
306 3457 314 3500 :
343 3454 457 3526 neque
475 3435 592 3509 tamen
609 3453 761 3524 praeceps
777 3427 886 3500 vitam
904 3428 1053 3525 expulit,
1078 3429 1137 3503 sed
1158 3432 1212 3503 in·

237 3548 319 3622 cisas
337 3574 455 3637 venas,
482 3567 520 3620 ut
538 3547 677 3621 libitum
703 3549 887 3644 obligatas,
911 3548 1042 3644 aperire
1065 3549 1212 3641 rursum,

222 3669 271 3740 ‘&
290 3669 433 3766 adloqui
451 3667 594 3758 amicos,
612 3693 682 3740 non
701 3693 762 3764 per
779 3667 872 3757 seria,
890 3689 948 3742 aut
977 3669 1104 3766 quibus
1129 3697 1213 3744 con·

238 3785 369 3862 stantiae
387 3789 534 3887 gloriam
553 3807 695 3888 peteret.
746 3787 992 3888 Audiebatque
1013 3787 1224 3878 referentes,

713 3908 735 3979 S
765 3933 784 3979 2
