3126 4864
353 405 418 480 ¹52
614 377 656 452 C.
681 381 913 458 Coruncrr
943 378 979 454 T
987 404 1126 458 ncrrr

348 573 436 644 rent,
464 559 493 596 “
511 552 609 650 quod
629 553 822 632 mansuram
848 557 971 632 theatri
994 557 1112 634 sedem
1136 554 1318 655 posuisset:

348 681 375 718 “
393 699 475 746 nam
492 693 590 747 antea
606 674 772 749 subitariis
798 677 976 775 gradibus,
1004 684 1037 752 ἃ
1061 662 1214 751 scenb'in
1230 696 1319 750 tem-

348 801 375 840 “
394 821 458 892 pus
475 795 612 886 structa,
636 798 737 870 ludos
763 797 820 870 edi
848 795 990 872 solitos:
1017 801 1073 871 vel
1098 797 1322 871 sivetustiora

347 921 375 960 “
394 936 538 1013 repetas,
582 915 730 991 stantem
758 920 929 1016 populum
952 918 1172 1016 speclavisse:
1211 941 1254 989 ne
1294 919 1320 988 ll

347 1041 375 1078 “
394 1039 598 1128 confideret,
645 1040 777 1112 theatro
810 1039 883 1112 dies
914 1058 1005 1112 totos
1038 1039 1177 1138 ignavia
1208 1035 1319 1111 conti-

346 1162 375 1200 “
393 1179 526 1231 nuaret.
576 1160 860 1256 Spectaculomm
884 1160 1029 1258 quidem
1052 1159 1234 1257 antiquitas
1250 1156 1320 1231 ser-

343 1283 371 1322 “
389 1299 542 1370 varetur,
568 1280 728 1378 quotiens
756 1301 917 1378 praetores
944 1282 1095 1371 ederent,
1125 1279 1217 1354 nulli
1244 1276 1319 1352 cui-

344 1405 372 1442 “
391 1425 499 1496 quam
512 1401 642 1475 civium
655 1403 847 1474 necessitate
859 1401 1024 1474 certandi.
1062 1400 1319 1476 Ceterltmabo·

343 1527 371 1562 “
390 1520 468 1593 litos
485 1521 664 1616 paullatim
680 1521 806 1617 patrios
824 1545 950 1610 mores,
962 1519 1119 1602 ¹funditur
1136 1519 1242 1592 everti
1259 1542 1321 1616 per

341 1648 369 1684 “
388 1639 533 1712 accitam
550 1637 737 1726 lasciviam,
764 1658 816 1728 ut,
842 1641 939 1736 quod
967 1638 1112 1736 usquam
1140 1638 1321 1734 corrumpi

340 1765 368 1803 ‘¹
387 1761 420 1830 br
437 1781 659 1856 corrumpere
670 1776 789 1854 queat,
801 1757 837 1830 in
848 1759 948 1831 Urbe
962 1757 1102 1847 visatur,
1113 1759 1320 1858 degeneret·
1413 1744 1416 1749 ’

341 1885 369 1928 “
389 1902 458 1975 que
475 1875 594 1950 studiis
622 1875 771 1958 externis
776 1875 965 1976 juventus,
984 1881 1162 1978 gymnasra
1180 1882 1213 1950 δι
1231 1877 1318 1968 otia,

339 2004 368 2042 “
387 2002 421 2071 br
445 2019 563 2095 turpes
585 2021 718 2070 amores
734 1999 945 2088 exercendo,
974 1998 1135 2096 Principe
1152 1997 1320 2072 &senatu

339 2124 369 2167 “
386 2119 607 2193 auctoribust
639 2117 785 2217 quinon
802 2118 911 2192 modo
926 2118 1104 2194 licentiam
1131 2117 1226 2191 vitiis
1242 2143 1318 2216 per-

248 2258 261 2296 f
341 2247 370 2284 “
389 2239 553 2330 miserint,
575 2239 634 2313 sed
650 2239 723 2313 vim
740 2239 953 2314 adhibeant:
974 2265 1133 2338 proceres
1150 2237 1318 2328 Romani,

301 2429 306 2446 ,
340 2367 368 2406 “
386 2361 498 2460 specie
516 2357 711 2432 orationum
740 2363 774 2432 δι
791 2361 1008 2451 carminum,
1037 2363 1136 2438 scena
1159 2361 1318 2460 polluant

273 2513 275 2520 ’
341 2489 369 2526 “
386 2503 452 2556 tur.
512 2475 609 2574 Qud
637 2473 818 2571 superesse,
845 2479 907 2551 nisr
936 2500 976 2552 ut
1004 2506 1151 2576 corpora
1177 2503 1318 2577 quoque

340 2609 368 2656 “
387 2601 531 2684 nudent,
548 2593 716 2668 &caestus
733 2594 927 2686 adsumant,
944 2596 1069 2694 easque
1093 2625 1228 2696 pugnas
1251 2624 1317 2694 pro

339 2728 368 2768 “
386 2717 509 2792 militia
542 2720 576 2789 δε
617 2714 722 2788 armis
754 2715 992 2790 meditentur?
1060 2721 1121 2790 An
1147 2715 1318 2814 justitiam
1351 2785 1354 2792 .

339 2847 367 2884 “
385 2835 535 2936 augurii,
569 2839 603 2908 δε
631 2835 786 2910 decurias
815 2836 995 2935 equitum,·
1014 2837 1198 2938 egregium
1219 2836 1316 2938 judi
1332 2843 1340 2936 J

340 2964 369 3006 “
388 2955 491 3030 candi
509 2981 637 3030 munus
655 2958 867 3056 expleturos,
891 2961 915 3032 fi
932 2955 1057 3033 fredos
1072 2957 1220 3034 sonos&
1237 2960 1317 3034 dul-

335 3085 367 3176 ,“
386 3077 549 3152 cedinem
566 3103 695 3152 vocum
713 3077 823 3175 perite
839 3078 1033 3153 audissent?
1078 3081 1212 3154 Noctes
1227 3105 1315 3180 quo-

337 3205 364 3240 “
384 3223 454 3295 que
470 3199 633 3274 dedecori
654 3196 817 3296 adjectas,
845 3201 1006 3299 nequod
1028 3220 1167 3299 tempus
1194 3200 1318 3300 pudori

300 3401 301 3408 ἵ
337 3325 366 3367 “
384 3319 610 3418 relinquatur,
634 3318 706 3410 sed,
734 3340 831 3396 coetu
847 3318 1059 3416 promiscuo,
1085 3321 1314 3419 quodperdi-

336 3447 365 3490 “
383 3440 526 3514 tissimus
543 3439 687 3538 quisque
712 3465 771 3537 per
795 3439 890 3514 diem
908 3439 1160 3538 concupiverit,
1178 3464 1238 3538 per
1262 3459 1316 3512 te*

336 3567 365 3610 “
383 3562 508 3634 nebras
519 3561 684 3634 audeat.''
1358 3653 1360 3660 y

383 3683 488 3756 XXI.
513 3683 716 3756 Pnunrrus
741 3680 812 3778 ipsa
836 3681 976 3756 licentia
1000 3683 1171 3780 placebat,
1199 3706 1241 3754 ac
1262 3699 1312 3754 ta,

334 3828 417 3880 men
445 3802 590 3876 honesta
614 3801 758 3880 nomina
786 3804 1047 3904 praetendebant
1061 3830 1089 3878 z·
1109 3809 1137 3846 “
1153 3799 1311 3904 ‚Majqrea
