3126 4864
267 545 1470 730 αιοοΒΝΕιΙῑ.1

438 747 1312 954 TAchr

369 1091 1124 1220 Annaeus

275 1419 488 1497 crana
534 1417 1226 1522 QUARTUSDECIMUs

457 1659 1043 1696 Μ

270 1816 414 1966 Cato
440 1879 621 1978 Vipstano,
650 1873 799 1956 Fonteio
828 1879 1038 1970 consulibus,
1067 1880 1130 1954 diu
1162 1905 1238 1968 me·

266 2001 415 2078 ditatum
431 1999 537 2074 scelus
554 2028 627 2074 non
655 2001 742 2074 ultra
769 2002 868 2073 Nero
894 1999 1042 2087 distulit,
1071 2001 1240 2072 vetustate

267 2121 401 2219 imperii
430 2122 552 2196 coalita
585 2099 742 2209 audacid‚
786 2125 819 2192 δι
864 2117 1063 2215 flagrantior
1094 2117 1131 2190 in
1164 2120 1239 2191 dies

266 2267 385 2315 amore
402 2245 582 2338 Poppaeae,
598 2265 690 2337 quae,
726 2239 786 2312 fibi
812 2235 1084 2325 matrimonium,
1117 2238 1239 2311 &dis-

267 2361 399 2434 cidium
414 2360 584 2448 ottaviae,
603 2358 769 2434 incolumi
803 2357 1013 2456 Agrippina,
1044 2358 1136 2430 haud
1165 2357 1239 2454 spe·
1309 2379 1310 2382 ’

268 2506 372 2570 rans,
386 2477 512 2554 crebris
530 2479 838 2568 criminationibus,
866 2478 1054 2575 aliquando
1072 2503 1133 2575 per
1150 2476 1240 2553 face·
1318 2457 1320 2472 ¹
1396 2471 1402 2480 ’

201 2663 207 2676 .
268 2600 330 2673 tias
359 2599 525 2674 incusaret
556 2600 770 2698 Principem,
799 2604 833 2672 δι
866 2605 894 2642 “
914 2597 1119 2696 pupillum's
1137 2625 1241 2673 voca·

268 2741 333 2811 ret,
363 2729 374 2764 ‘
380 2728 390 2762 ‘
405 2720 466 2818 qui
476 2719 570 2817 juffis
584 2720 702 2795 alienis
719 2719 908 2808 obnoxius,
924 2703 1010 2791 'non
1040 2719 1148 2793 modd
1175 2720 1242 2810 im*-

269 2849 297 2883 “
317 2839 414 2935 perii,
432 2841 488 2914 sed
511 2841 676 2914 libertatis
693 2841 800 2927 etiam·
823 2839 1006 2938 indigeret.
1053 2841 1129 2913 Cur
1148 2841 1243 2935 enim

271 2959 445 3040 “differri
483 2961 621 3056 nuptias
648 2959 751 3032 suas?
781 2943 933 3034 formam
964 2959 1091 3034 scilicet
1123 2961 1243 3060 displi-

270 3087 298 3131 “
317 3103 406 3167 cere,
436 3083 470 3152 δι
500 3079 728 3176 triumphales
761 3084 872 3153 avos?
905 3085 965 3152 An
982 3078 1242 3174 fecunditatem,

270 3208 298 3243 “
319 3205 492 3278 &verum
509 3199 692 3274 animum?
722 3199 853 3289 timeri,
883 3225 927 3272 ne
943 3227 1032 3274 uxor
1048 3199 1167 3275 saltem
1190 3202 1243 3276 in·
1282 3243 1289 3260 ι

271 3327 299 3371 ·“
313 3319 419 3420 jurias
438 3339 587 3416 patrum,
618 3319 701 3393 iram
728 3320 849 3417 populi
868 3321 1032 3394 adversbs
1047 3319 1244 3418 superbiam

230 3519 234 3528 ,
271 3439 567 3538 “avaritiamque
595 3438 714 3512 matris
739 3440 876 3537 aperiat.
927 3443 1034 3539 Qod
1061 3445 1083 3522 fi
1113 3467 1244 3515 nurum

269 3568 296 3605 “
315 3560 528 3660 Agrippina,
557 3586 629 3632 non
645 3559 706 3632 nisi
723 3560 797 3633 filio
814 3559 986 3652 infestam,
1020 3560 1107 3633 ferre
1120 3563 1243 3658 pollet,

270 3687 298 3734 ‘⁶
316 3683 482 3756 reddatur
499 3679 570 3778 ipsa
586 3679 735 3754 Othonis
753 3679 936 3780 conjugio:
957 3681 1082 3754 ituram
1101 3681 1245 3778 quoquo

271 3810 300 3858 ⁴‘
319 3824 502 3895 terrarum,
528 3800 590 3876 ubi
608 3799 742 3876 audiret
759 3801 871 3900 potius
888 3801 1116 3876 contumelias
1129 3803 1246 3898 Impe-
