<?xml version="1.0" encoding="UTF-8"?>
<!DOCTYPE html PUBLIC "-//W3C//DTD XHTML 1.0 Transitional//EN"
    "http://www.w3.org/TR/xhtml1/DTD/xhtml1-transitional.dtd">
<html xmlns="http://www.w3.org/1999/xhtml" xml:lang="en" lang="en">
 <head>
  <title>
</title>
<meta http-equiv="Content-Type" content="text/html;charset=utf-8" />
  <meta name='ocr-system' content='tesseract 3.04.00' />
  <meta name='ocr-capabilities' content='ocr_page ocr_carea ocr_par ocr_line ocrx_word'/>
</head>
<body>
  <div class='ocr_page' id='page_1' title='image "./ccorneliitaciti03freigoog_0213.png"; bbox 0 0 3120 4860; ppageno 0'>
   <div class='ocr_carea' id='block_1_1' title="bbox 354 391 1256 478">
    <p class='ocr_par' dir='ltr' id='par_1_1' title="bbox 354 391 1256 478">
     <span class='ocr_line' id='line_1_1' title="bbox 354 391 1256 478; baseline 0.001 -7"><span class='ocrx_word' id='word_1_1' title='bbox 354 419 486 478; x_wconf 66' lang='grc' dir='ltr'>κη,</span> <span class='ocrx_word' id='word_1_2' title='bbox 563 391 1151 468; x_wconf 78' lang='lat' dir='ltr'>C.Conuan11TAcrrr</span> <span class='ocrx_word' id='word_1_3' title='bbox 1252 465 1256 472; x_wconf 90' lang='grc'><em>,</em></span> 
     </span>
    </p>
   </div>
   <div class='ocr_carea' id='block_1_2' title="bbox 248 553 1409 3920">
    <p class='ocr_par' dir='ltr' id='par_1_2' title="bbox 346 553 1339 1746">
     <span class='ocr_line' id='line_1_2' title="bbox 353 553 1339 664; baseline -0.007 -22"><span class='ocrx_word' id='word_1_4' title='bbox 353 569 437 642; x_wconf 92' lang='lat' dir='ltr'>Non</span> <span class='ocrx_word' id='word_1_5' title='bbox 479 555 598 641; x_wconf 84' lang='lat' dir='ltr'>tamen</span> <span class='ocrx_word' id='word_1_6' title='bbox 630 569 758 642; x_wconf 88' lang='lat' dir='ltr'>Romae</span> <span class='ocrx_word' id='word_1_7' title='bbox 789 565 943 664; x_wconf 87' lang='lat' dir='ltr'>incipere</span> <span class='ocrx_word' id='word_1_8' title='bbox 979 565 1090 657; x_wconf 87' lang='lat' dir='ltr'>ausus,</span> <span class='ocrx_word' id='word_1_9' title='bbox 1123 553 1339 662; x_wconf 74' lang='lat' dir='ltr'>Neapolim,</span> 
     </span>
     <span class='ocr_line' id='line_1_3' title="bbox 352 683 1339 786; baseline -0.001 -29"><span class='ocrx_word' id='word_1_10' title='bbox 352 689 444 782; x_wconf 91' lang='lat' dir='ltr'>quasr</span> <span class='ocrx_word' id='word_1_11' title='bbox 473 687 634 762; x_wconf 82' lang='lat' dir='ltr'>Graecam</span> <span class='ocrx_word' id='word_1_12' title='bbox 662 689 803 778; x_wconf 86' lang='lat' dir='ltr'>urbem,</span> <span class='ocrx_word' id='word_1_13' title='bbox 838 684 990 786; x_wconf 68' lang='lat' dir='ltr'>delegitt</span> <span class='ocrx_word' id='word_1_14' title='bbox 1022 693 1049 729; x_wconf 90' lang='lat'><strong>“</strong></span> <span class='ocrx_word' id='word_1_15' title='bbox 1076 686 1163 758; x_wconf 92' lang='lat' dir='ltr'>lnde</span> <span class='ocrx_word' id='word_1_16' title='bbox 1197 683 1339 756; x_wconf 88' lang='lat' dir='ltr'>initium</span> 
     </span>
     <span class='ocr_line' id='line_1_4' title="bbox 353 801 1336 906; baseline -0.001 -29"><span class='ocrx_word' id='word_1_17' title='bbox 353 813 379 848; x_wconf 92' lang='lat'><strong>“</strong></span> <span class='ocrx_word' id='word_1_18' title='bbox 400 801 488 898; x_wconf 89' lang='lat' dir='ltr'>sore,</span> <span class='ocrx_word' id='word_1_19' title='bbox 502 826 541 880; x_wconf 92' lang='lat' dir='ltr'>ut</span> <span class='ocrx_word' id='word_1_20' title='bbox 553 807 775 906; x_wconf 84' lang='lat' dir='ltr'>transgressus</span> <span class='ocrx_word' id='word_1_21' title='bbox 792 805 827 880; x_wconf 92' lang='lat' dir='ltr'>in</span> <span class='ocrx_word' id='word_1_22' title='bbox 845 807 1032 898; x_wconf 84' lang='lat' dir='ltr'>Achaiam,</span> <span class='ocrx_word' id='word_1_23' title='bbox 1052 802 1279 904; x_wconf 85' lang='lat' dir='ltr'>infignesque,</span> <span class='ocrx_word' id='word_1_24' title='bbox 1300 807 1336 876; x_wconf 71' lang='lat' dir='ltr'>a:</span> 
     </span>
     <span class='ocr_line' id='line_1_5' title="bbox 354 921 1338 1025; baseline -0.003 -27"><span class='ocrx_word' id='word_1_25' title='bbox 354 932 380 968; x_wconf 92' lang='lat'><strong>“</strong></span> <span class='ocrx_word' id='word_1_26' title='bbox 407 925 597 1024; x_wconf 90' lang='lat' dir='ltr'>antiquitus</span> <span class='ocrx_word' id='word_1_27' title='bbox 621 929 743 1019; x_wconf 85' lang='lat' dir='ltr'>sacras,</span> <span class='ocrx_word' id='word_1_28' title='bbox 761 953 908 1002; x_wconf 90' lang='lat' dir='ltr'>coronas</span> <span class='ocrx_word' id='word_1_29' title='bbox 925 929 1082 1025; x_wconf 87' lang='lat' dir='ltr'>adeptus,</span> <span class='ocrx_word' id='word_1_30' title='bbox 1099 922 1227 1022; x_wconf 86' lang='lat' dir='ltr'>majore</span> <span class='ocrx_word' id='word_1_31' title='bbox 1244 921 1338 996; x_wconf 70' lang='lat' dir='ltr'>sama</span> 
     </span>
     <span class='ocr_line' id='line_1_6' title="bbox 352 1045 1332 1148; baseline -0.003 -28"><span class='ocrx_word' id='word_1_32' title='bbox 352 1045 510 1122; x_wconf 89' lang='lat' dir='ltr'>“studia</span> <span class='ocrx_word' id='word_1_33' title='bbox 531 1049 662 1124; x_wconf 89' lang='lat' dir='ltr'>civium</span> <span class='ocrx_word' id='word_1_34' title='bbox 687 1050 859 1124; x_wconf 89' lang='lat' dir='ltr'>eliceret.”</span> <span class='ocrx_word' id='word_1_35' title='bbox 911 1051 1009 1148; x_wconf 83' lang='lat' dir='ltr'>Ergo</span> <span class='ocrx_word' id='word_1_36' title='bbox 1035 1047 1332 1142; x_wconf 73' lang='lat' dir='ltr'>contradumop-</span> 
     </span>
     <span class='ocr_line' id='line_1_7' title="bbox 352 1163 1336 1269; baseline -0.004 -29"><span class='ocrx_word' id='word_1_37' title='bbox 352 1166 564 1266; x_wconf 88' lang='lat' dir='ltr'>pidanorum</span> <span class='ocrx_word' id='word_1_38' title='bbox 599 1173 741 1269; x_wconf 86' lang='lat' dir='ltr'>vulgus,</span> <span class='ocrx_word' id='word_1_39' title='bbox 768 1175 800 1243; x_wconf 75' lang='grc' dir='ltr'>δι</span> <span class='ocrx_word' id='word_1_40' title='bbox 832 1195 922 1268; x_wconf 93' lang='lat' dir='ltr'>quos</span> <span class='ocrx_word' id='word_1_41' title='bbox 948 1194 967 1242; x_wconf 88' lang='lat' dir='ltr'>e</span> <span class='ocrx_word' id='word_1_42' title='bbox 996 1166 1162 1266; x_wconf 87' lang='lat' dir='ltr'>proximis</span> <span class='ocrx_word' id='word_1_43' title='bbox 1189 1163 1336 1240; x_wconf 87' lang='lat' dir='ltr'>coloniis</span> 
     </span>
     <span class='ocr_line' id='line_1_8' title="bbox 351 1285 1332 1389; baseline -0.002 -29"><span class='ocrx_word' id='word_1_44' title='bbox 351 1291 385 1360; x_wconf 76' lang='grc' dir='ltr'>ὅτ</span> <span class='ocrx_word' id='word_1_45' title='bbox 408 1289 608 1388; x_wconf 88' lang='lat' dir='ltr'>municipiis</span> <span class='ocrx_word' id='word_1_46' title='bbox 625 1288 697 1389; x_wconf 86' lang='lat' dir='ltr'>ejus</span> <span class='ocrx_word' id='word_1_47' title='bbox 719 1289 766 1364; x_wconf 90' lang='lat' dir='ltr'>rei</span> <span class='ocrx_word' id='word_1_48' title='bbox 796 1287 891 1364; x_wconf 88' lang='lat' dir='ltr'>fama</span> <span class='ocrx_word' id='word_1_49' title='bbox 912 1289 1054 1377; x_wconf 89' lang='lat' dir='ltr'>civerat,</span> <span class='ocrx_word' id='word_1_50' title='bbox 1073 1287 1203 1386; x_wconf 92' lang='lat' dir='ltr'>quique</span> <span class='ocrx_word' id='word_1_51' title='bbox 1221 1285 1332 1360; x_wconf 82' lang='lat' dir='ltr'>Caesa·</span> 
     </span>
     <span class='ocr_line' id='line_1_9' title="bbox 346 1399 1334 1510; baseline -0.004 -28"><span class='ocrx_word' id='word_1_52' title='bbox 346 1435 426 1484; x_wconf 89' lang='lat' dir='ltr'>rem</span> <span class='ocrx_word' id='word_1_53' title='bbox 444 1437 505 1510; x_wconf 89' lang='lat' dir='ltr'>per</span> <span class='ocrx_word' id='word_1_54' title='bbox 520 1411 705 1501; x_wconf 89' lang='lat' dir='ltr'>honorem,</span> <span class='ocrx_word' id='word_1_55' title='bbox 724 1399 784 1484; x_wconf 77' lang='lat' dir='ltr'>aut</span> <span class='ocrx_word' id='word_1_56' title='bbox 800 1410 911 1483; x_wconf 83' lang='lat' dir='ltr'>varios</span> <span class='ocrx_word' id='word_1_57' title='bbox 928 1407 1005 1482; x_wconf 90' lang='lat' dir='ltr'>usus</span> <span class='ocrx_word' id='word_1_58' title='bbox 1023 1407 1205 1496; x_wconf 72' lang='lat' dir='ltr'>sedantur,</span> <span class='ocrx_word' id='word_1_59' title='bbox 1229 1405 1334 1479; x_wconf 91' lang='lat' dir='ltr'>etiam</span> 
     </span>
     <span class='ocr_line' id='line_1_10' title="bbox 350 1527 1334 1637; baseline -0.006 -33"><span class='ocrx_word' id='word_1_60' title='bbox 350 1530 509 1604; x_wconf 76' lang='lat' dir='ltr'>militutn‘</span> <span class='ocrx_word' id='word_1_61' title='bbox 522 1532 706 1628; x_wconf 80' lang='lat' dir='ltr'>manipuli,</span> <span class='ocrx_word' id='word_1_62' title='bbox 716 1533 891 1602; x_wconf 88' lang='lat' dir='ltr'>theatrum</span> <span class='ocrx_word' id='word_1_63' title='bbox 909 1527 1225 1637; x_wconf 79' lang='lat' dir='ltr'>Neapolitanorum</span> <span class='ocrx_word' id='word_1_64' title='bbox 1235 1552 1334 1600; x_wconf 90' lang='lat' dir='ltr'>com-</span> 
     </span>
     <span class='ocr_line' id='line_1_11' title="bbox 352 1652 462 1746; baseline 0.018 -25"><span class='ocrx_word' id='word_1_65' title='bbox 352 1652 462 1746; x_wconf 91' lang='lat' dir='ltr'>plent.</span> 
     </span>
    </p>

    <p class='ocr_par' dir='ltr' id='par_1_3' title="bbox 248 1765 1409 3434">
     <span class='ocr_line' id='line_1_12' title="bbox 399 1765 1335 1868; baseline -0.003 -26"><span class='ocrx_word' id='word_1_66' title='bbox 399 1771 592 1868; x_wconf 63' lang='lat' dir='ltr'>XXXIV.x</span> <span class='ocrx_word' id='word_1_67' title='bbox 614 1771 740 1857; x_wconf 73' lang='lat' dir='ltr'>Iuste,</span> <span class='ocrx_word' id='word_1_68' title='bbox 785 1767 942 1866; x_wconf 86' lang='lat' dir='ltr'>plerique</span> <span class='ocrx_word' id='word_1_69' title='bbox 984 1788 1022 1842; x_wconf 96' lang='lat' dir='ltr'>ut</span> <span class='ocrx_word' id='word_1_70' title='bbox 1059 1765 1335 1858; x_wconf 85' lang='lat' dir='ltr'>arbitrabantur,</span> 
     </span>
     <span class='ocr_line' id='line_1_13' title="bbox 348 1882 1383 1988; baseline 0 -26"><span class='ocrx_word' id='word_1_71' title='bbox 348 1889 458 1981; x_wconf 89' lang='lat' dir='ltr'>triste,</span> <span class='ocrx_word' id='word_1_72' title='bbox 476 1910 516 1963; x_wconf 93' lang='lat' dir='ltr'>ut</span> <span class='ocrx_word' id='word_1_73' title='bbox 534 1888 618 1988; x_wconf 88' lang='lat' dir='ltr'>ipse,</span> <span class='ocrx_word' id='word_1_74' title='bbox 641 1891 827 1988; x_wconf 89' lang='lat' dir='ltr'>providum</span> <span class='ocrx_word' id='word_1_75' title='bbox 846 1889 974 1986; x_wconf 79' lang='lat' dir='ltr'>potius,</span> <span class='ocrx_word' id='word_1_76' title='bbox 995 1887 1197 1962; x_wconf 87' lang='lat' dir='ltr'>&amp;secundis</span> <span class='ocrx_word' id='word_1_77' title='bbox 1213 1891 1337 1962; x_wconf 91' lang='lat' dir='ltr'>numi-</span> <span class='ocrx_word' id='word_1_78' title='bbox 1378 1882 1383 1890; x_wconf 65' lang='grc'><strong>’</strong></span> 
     </span>
     <span class='ocr_line' id='line_1_14' title="bbox 317 2007 1362 2110; baseline 0.001 -27"><span class='ocrx_word' id='word_1_79' title='bbox 317 2045 319 2052; x_wconf 94' lang='grc'><strong><em>·</em></strong></span> <span class='ocrx_word' id='word_1_80' title='bbox 349 2011 467 2101; x_wconf 93' lang='lat' dir='ltr'>nibus,</span> <span class='ocrx_word' id='word_1_81' title='bbox 487 2009 614 2084; x_wconf 75' lang='lat' dir='ltr'>evenit.</span> <span class='ocrx_word' id='word_1_82' title='bbox 663 2012 760 2082; x_wconf 92' lang='lat' dir='ltr'>Nam</span> <span class='ocrx_word' id='word_1_83' title='bbox 778 2011 922 2108; x_wconf 79' lang='lat' dir='ltr'>egresso,</span> <span class='ocrx_word' id='word_1_84' title='bbox 948 2007 1010 2108; x_wconf 92' lang='lat' dir='ltr'>qui</span> <span class='ocrx_word' id='word_1_85' title='bbox 1029 2008 1198 2098; x_wconf 86' lang='lat' dir='ltr'>adfuerat,</span> <span class='ocrx_word' id='word_1_86' title='bbox 1217 2035 1362 2110; x_wconf 12' lang='lat' dir='ltr'>popu-K</span> 
     </span>
     <span class='ocr_line' id='line_1_15' title="bbox 348 2129 1338 2227; baseline 0.002 -23"><span class='ocrx_word' id='word_1_87' title='bbox 348 2131 398 2223; x_wconf 93' lang='lat' dir='ltr'>lo,</span> <span class='ocrx_word' id='word_1_88' title='bbox 418 2157 571 2206; x_wconf 89' lang='lat' dir='ltr'>vacuum</span> <span class='ocrx_word' id='word_1_89' title='bbox 590 2133 622 2202; x_wconf 76' lang='grc' dir='ltr'>ὅτ</span> <span class='ocrx_word' id='word_1_90' title='bbox 647 2134 714 2204; x_wconf 90' lang='lat' dir='ltr'>srne</span> <span class='ocrx_word' id='word_1_91' title='bbox 731 2130 833 2204; x_wconf 87' lang='lat' dir='ltr'>ullius</span> <span class='ocrx_word' id='word_1_92' title='bbox 850 2133 944 2204; x_wconf 62' lang='lat' dir='ltr'>nox&amp;</span> <span class='ocrx_word' id='word_1_93' title='bbox 956 2133 1130 2204; x_wconf 88' lang='lat' dir='ltr'>theatrum</span> <span class='ocrx_word' id='word_1_94' title='bbox 1143 2129 1338 2227; x_wconf 85' lang='lat' dir='ltr'>collapsum</span> 
     </span>
     <span class='ocr_line' id='line_1_16' title="bbox 349 2250 1334 2351; baseline -0.002 -26"><span class='ocrx_word' id='word_1_95' title='bbox 349 2251 410 2326; x_wconf 92' lang='lat' dir='ltr'>est.</span> <span class='ocrx_word' id='word_1_96' title='bbox 463 2251 573 2351; x_wconf 84' lang='lat' dir='ltr'>Erg0,</span> <span class='ocrx_word' id='word_1_97' title='bbox 602 2275 662 2350; x_wconf 91' lang='lat' dir='ltr'>per</span> <span class='ocrx_word' id='word_1_98' title='bbox 685 2254 892 2350; x_wconf 85' lang='lat' dir='ltr'>composrtos</span> <span class='ocrx_word' id='word_1_99' title='bbox 914 2272 1035 2325; x_wconf 89' lang='lat' dir='ltr'>cantus</span> <span class='ocrx_word' id='word_1_100' title='bbox 1054 2271 1165 2350; x_wconf 83' lang='lat' dir='ltr'>grates</span> <span class='ocrx_word' id='word_1_101' title='bbox 1182 2250 1260 2341; x_wconf 90' lang='lat' dir='ltr'>diis,</span> <span class='ocrx_word' id='word_1_102' title='bbox 1279 2270 1334 2325; x_wconf 88' lang='lat' dir='ltr'>at-</span> 
     </span>
     <span class='ocr_line' id='line_1_17' title="bbox 248 2370 1336 2472; baseline -0.002 -25"><span class='ocrx_word' id='word_1_103' title='bbox 248 2448 254 2463; x_wconf 69' lang='lat'>,</span> <span class='ocrx_word' id='word_1_104' title='bbox 351 2400 422 2472; x_wconf 91' lang='lat' dir='ltr'>que</span> <span class='ocrx_word' id='word_1_105' title='bbox 439 2372 545 2471; x_wconf 88' lang='lat' dir='ltr'>ipsam</span> <span class='ocrx_word' id='word_1_106' title='bbox 569 2371 715 2452; x_wconf 87' lang='lat' dir='ltr'>recentis</span> <span class='ocrx_word' id='word_1_107' title='bbox 729 2374 827 2446; x_wconf 78' lang='lat' dir='ltr'>casus</span> <span class='ocrx_word' id='word_1_108' title='bbox 845 2370 1021 2446; x_wconf 87' lang='lat' dir='ltr'>fortunam</span> <span class='ocrx_word' id='word_1_109' title='bbox 1039 2375 1227 2465; x_wconf 90' lang='lat' dir='ltr'>celebrans,</span> <span class='ocrx_word' id='word_1_110' title='bbox 1246 2371 1336 2470; x_wconf 89' lang='lat' dir='ltr'>peti-</span> 
     </span>
     <span class='ocr_line' id='line_1_18' title="bbox 349 2490 1409 2595; baseline 0.001 -27"><span class='ocrx_word' id='word_1_111' title='bbox 349 2493 514 2595; x_wconf 73' lang='lat' dir='ltr'>tutusque!</span> <span class='ocrx_word' id='word_1_112' title='bbox 524 2491 627 2566; x_wconf 87' lang='lat' dir='ltr'>maris</span> <span class='ocrx_word' id='word_1_113' title='bbox 645 2493 765 2566; x_wconf 85' lang='lat' dir='ltr'>Adriae</span> <span class='ocrx_word' id='word_1_114' title='bbox 781 2490 956 2591; x_wconf 70' lang='lat' dir='ltr'>trajeslus,</span> <span class='ocrx_word' id='word_1_115' title='bbox 975 2494 1069 2591; x_wconf 87' lang='lat' dir='ltr'>apud</span> <span class='ocrx_word' id='word_1_116' title='bbox 1092 2497 1335 2569; x_wconf 88' lang='lat' dir='ltr'>Beneventum</span> <span class='ocrx_word' id='word_1_117' title='bbox 1404 2506 1409 2512; x_wconf 77' lang='grc'><strong>“</strong></span> 
     </span>
     <span class='ocr_line' id='line_1_19' title="bbox 354 2610 1334 2712; baseline 0.001 -26"><span class='ocrx_word' id='word_1_118' title='bbox 354 2613 493 2687; x_wconf 87' lang='lat' dir='ltr'>interim</span> <span class='ocrx_word' id='word_1_119' title='bbox 511 2610 682 2710; x_wconf 83' lang='lat' dir='ltr'>consedit:</span> <span class='ocrx_word' id='word_1_120' title='bbox 702 2613 763 2686; x_wconf 90' lang='lat' dir='ltr'>ubi</span> <span class='ocrx_word' id='word_1_121' title='bbox 781 2614 1026 2712; x_wconf 85' lang='lat' dir='ltr'>gladiatorium</span> <span class='ocrx_word' id='word_1_122' title='bbox 1044 2639 1169 2686; x_wconf 91' lang='lat' dir='ltr'>munus</span> <span class='ocrx_word' id='word_1_123' title='bbox 1190 2639 1210 2685; x_wconf 86' lang='lat' dir='ltr'>a</span> <span class='ocrx_word' id='word_1_124' title='bbox 1234 2614 1334 2687; x_wconf 90' lang='lat' dir='ltr'>Vati-</span> 
     </span>
     <span class='ocr_line' id='line_1_20' title="bbox 280 2731 1332 2812; baseline -0.002 -1"><span class='ocrx_word' id='word_1_125' title='bbox 280 2747 283 2756; x_wconf 84' lang='grc'><strong>“</strong></span> <span class='ocrx_word' id='word_1_126' title='bbox 351 2735 412 2812; x_wconf 91' lang='lat' dir='ltr'>nio</span> <span class='ocrx_word' id='word_1_127' title='bbox 444 2735 578 2808; x_wconf 86' lang='lat' dir='ltr'>celebre</span> <span class='ocrx_word' id='word_1_128' title='bbox 599 2734 780 2807; x_wconf 87' lang='lat' dir='ltr'>edebatur.</span> <span class='ocrx_word' id='word_1_129' title='bbox 848 2735 1007 2808; x_wconf 89' lang='lat' dir='ltr'>Vatinius</span> <span class='ocrx_word' id='word_1_130' title='bbox 1031 2733 1119 2805; x_wconf 89' lang='lat' dir='ltr'>inter</span> <span class='ocrx_word' id='word_1_131' title='bbox 1144 2731 1332 2809; x_wconf 86' lang='lat' dir='ltr'>foediffima</span> 
     </span>
     <span class='ocr_line' id='line_1_21' title="bbox 351 2847 1331 2958; baseline -0.002 -29"><span class='ocrx_word' id='word_1_132' title='bbox 351 2856 422 2954; x_wconf 90' lang='lat' dir='ltr'>ejus</span> <span class='ocrx_word' id='word_1_133' title='bbox 454 2856 540 2927; x_wconf 82' lang='lat' dir='ltr'>aulae</span> <span class='ocrx_word' id='word_1_134' title='bbox 560 2853 690 2958; x_wconf 83' lang='lat' dir='ltr'>ostenta</span> <span class='ocrx_word' id='word_1_135' title='bbox 712 2851 789 2942; x_wconf 89' lang='lat' dir='ltr'>suit,</span> <span class='ocrx_word' id='word_1_136' title='bbox 817 2853 952 2928; x_wconf 87' lang='lat' dir='ltr'>sutrinae</span> <span class='ocrx_word' id='word_1_137' title='bbox 976 2847 1126 2928; x_wconf 85' lang='lat' dir='ltr'>tabernae</span> <span class='ocrx_word' id='word_1_138' title='bbox 1155 2856 1331 2946; x_wconf 87' lang='lat' dir='ltr'>alumnus,</span> 
     </span>
     <span class='ocr_line' id='line_1_22' title="bbox 280 2956 1328 3073; baseline -0.003 -23"><span class='ocrx_word' id='word_1_139' title='bbox 280 3001 284 3010; x_wconf 87' lang='lat'>·</span> <span class='ocrx_word' id='word_1_140' title='bbox 350 2999 496 3073; x_wconf 88' lang='lat' dir='ltr'>corpore</span> <span class='ocrx_word' id='word_1_141' title='bbox 508 2973 656 3064; x_wconf 90' lang='lat' dir='ltr'>detorto,</span> <span class='ocrx_word' id='word_1_142' title='bbox 682 2956 812 3048; x_wconf 85' lang='lat' dir='ltr'>facetiis</span> <span class='ocrx_word' id='word_1_143' title='bbox 829 2973 1045 3050; x_wconf 90' lang='lat' dir='ltr'>scurrilibus:</span> <span class='ocrx_word' id='word_1_144' title='bbox 1066 2973 1179 3073; x_wconf 77' lang='lat' dir='ltr'>primi&gt;</span> <span class='ocrx_word' id='word_1_145' title='bbox 1196 2973 1232 3048; x_wconf 93' lang='lat' dir='ltr'>in</span> <span class='ocrx_word' id='word_1_146' title='bbox 1245 3000 1328 3048; x_wconf 91' lang='lat' dir='ltr'>con·</span> 
     </span>
     <span class='ocr_line' id='line_1_23' title="bbox 349 3093 1333 3195; baseline 0.002 -27"><span class='ocrx_word' id='word_1_147' title='bbox 349 3093 510 3168; x_wconf 88' lang='lat' dir='ltr'>tumelias</span> <span class='ocrx_word' id='word_1_148' title='bbox 533 3093 749 3192; x_wconf 91' lang='lat' dir='ltr'>adsumptus,</span> <span class='ocrx_word' id='word_1_149' title='bbox 773 3095 903 3170; x_wconf 88' lang='lat' dir='ltr'>deinde</span> <span class='ocrx_word' id='word_1_150' title='bbox 930 3096 1056 3194; x_wconf 89' lang='lat' dir='ltr'>optimi</span> <span class='ocrx_word' id='word_1_151' title='bbox 1081 3095 1246 3195; x_wconf 89' lang='lat' dir='ltr'>cujusque</span> <span class='ocrx_word' id='word_1_152' title='bbox 1267 3096 1333 3170; x_wconf 87' lang='lat' dir='ltr'>cri-</span> 
     </span>
     <span class='ocr_line' id='line_1_24' title="bbox 350 3213 1332 3317; baseline 0 -28"><span class='ocrx_word' id='word_1_153' title='bbox 350 3214 542 3289; x_wconf 90' lang='lat' dir='ltr'>minatione</span> <span class='ocrx_word' id='word_1_154' title='bbox 559 3213 602 3287; x_wconf 80' lang='lat' dir='ltr'>ed</span> <span class='ocrx_word' id='word_1_155' title='bbox 623 3213 732 3314; x_wconf 87' lang='lat' dir='ltr'>usque</span> <span class='ocrx_word' id='word_1_156' title='bbox 754 3216 874 3309; x_wconf 89' lang='lat' dir='ltr'>valuit,</span> <span class='ocrx_word' id='word_1_157' title='bbox 904 3237 943 3291; x_wconf 91' lang='lat' dir='ltr'>ut</span> <span class='ocrx_word' id='word_1_158' title='bbox 962 3217 1086 3316; x_wconf 71' lang='lat' dir='ltr'>gratia,</span> <span class='ocrx_word' id='word_1_159' title='bbox 1108 3215 1268 3317; x_wconf 70' lang='lat' dir='ltr'>pecunia,</span> <span class='ocrx_word' id='word_1_160' title='bbox 1293 3215 1332 3290; x_wconf 88' lang='lat' dir='ltr'>vi</span> 
     </span>
     <span class='ocr_line' id='line_1_25' title="bbox 351 3333 1002 3434; baseline 0.005 -25"><span class='ocrx_word' id='word_1_161' title='bbox 351 3333 503 3410; x_wconf 92' lang='lat' dir='ltr'>nocendi</span> <span class='ocrx_word' id='word_1_162' title='bbox 524 3334 628 3408; x_wconf 92' lang='lat' dir='ltr'>etiam</span> <span class='ocrx_word' id='word_1_163' title='bbox 646 3338 756 3411; x_wconf 90' lang='lat' dir='ltr'>malos</span> <span class='ocrx_word' id='word_1_164' title='bbox 775 3336 1002 3434; x_wconf 86' lang='lat' dir='ltr'>praemineret.</span> 
     </span>
    </p>

    <p class='ocr_par' dir='ltr' id='par_1_4' title="bbox 342 3453 1331 3920">
     <span class='ocr_line' id='line_1_26' title="bbox 345 3453 1329 3557; baseline -0.004 -27"><span class='ocrx_word' id='word_1_165' title='bbox 345 3497 347 3502; x_wconf 96' lang='lat'>·</span> <span class='ocrx_word' id='word_1_166' title='bbox 397 3459 554 3530; x_wconf 88' lang='lat' dir='ltr'><strong>XXXV.</strong></span> <span class='ocrx_word' id='word_1_167' title='bbox 597 3458 694 3550; x_wconf 74' lang='lat' dir='ltr'>Ejus</span> <span class='ocrx_word' id='word_1_168' title='bbox 734 3483 862 3531; x_wconf 90' lang='lat' dir='ltr'>munus</span> <span class='ocrx_word' id='word_1_169' title='bbox 907 3457 1140 3557; x_wconf 89' lang='lat' dir='ltr'>frequentanti</span> <span class='ocrx_word' id='word_1_170' title='bbox 1175 3453 1329 3548; x_wconf 87' lang='lat' dir='ltr'>Neroni,</span> 
     </span>
     <span class='ocr_line' id='line_1_27' title="bbox 343 3577 1331 3674; baseline -0.002 -22"><span class='ocrx_word' id='word_1_171' title='bbox 343 3603 395 3652; x_wconf 85' lang='lat' dir='ltr'>ne</span> <span class='ocrx_word' id='word_1_172' title='bbox 410 3577 498 3650; x_wconf 88' lang='lat' dir='ltr'>inter</span> <span class='ocrx_word' id='word_1_173' title='bbox 515 3577 710 3674; x_wconf 87' lang='lat' dir='ltr'>voluptates</span> <span class='ocrx_word' id='word_1_174' title='bbox 728 3577 874 3674; x_wconf 88' lang='lat' dir='ltr'>quidem</span> <span class='ocrx_word' id='word_1_175' title='bbox 891 3604 911 3651; x_wconf 91' lang='lat' dir='ltr'>a</span> <span class='ocrx_word' id='word_1_176' title='bbox 928 3578 1109 3660; x_wconf 89' lang='lat' dir='ltr'>sceleribus</span> <span class='ocrx_word' id='word_1_177' title='bbox 1127 3579 1331 3652; x_wconf 78' lang='lat' dir='ltr'>cessabatur.</span> 
     </span>
     <span class='ocr_line' id='line_1_28' title="bbox 342 3687 1331 3799; baseline -0.002 -27"><span class='ocrx_word' id='word_1_178' title='bbox 342 3697 476 3773; x_wconf 87' lang='lat' dir='ltr'>lisdem</span> <span class='ocrx_word' id='word_1_179' title='bbox 509 3698 642 3796; x_wconf 90' lang='lat' dir='ltr'>quippe</span> <span class='ocrx_word' id='word_1_180' title='bbox 674 3687 749 3772; x_wconf 80' lang='lat' dir='ltr'>&#39;illis</span> <span class='ocrx_word' id='word_1_181' title='bbox 796 3698 920 3773; x_wconf 88' lang='lat' dir='ltr'>diebus</span> <span class='ocrx_word' id='word_1_182' title='bbox 958 3701 1160 3799; x_wconf 86' lang='lat' dir='ltr'>Torquatus</span> <span class='ocrx_word' id='word_1_183' title='bbox 1192 3696 1331 3770; x_wconf 86' lang='lat' dir='ltr'>Silanus</span> 
     </span>
     <span class='ocr_line' id='line_1_29' title="bbox 350 3817 1329 3920; baseline -0.004 -26"><span class='ocrx_word' id='word_1_184' title='bbox 350 3819 440 3894; x_wconf 88' lang='lat' dir='ltr'>mori</span> <span class='ocrx_word' id='word_1_185' title='bbox 464 3819 627 3920; x_wconf 84' lang='lat' dir='ltr'>adigitur,</span> <span class='ocrx_word' id='word_1_186' title='bbox 659 3819 755 3920; x_wconf 91' lang='lat' dir='ltr'>quia,</span> <span class='ocrx_word' id='word_1_187' title='bbox 783 3817 883 3919; x_wconf 90' lang='lat' dir='ltr'>super</span> <span class='ocrx_word' id='word_1_188' title='bbox 912 3820 1027 3916; x_wconf 88' lang='lat' dir='ltr'>Juniae</span> <span class='ocrx_word' id='word_1_189' title='bbox 1058 3817 1195 3896; x_wconf 87' lang='lat' dir='ltr'>familiae</span> <span class='ocrx_word' id='word_1_190' title='bbox 1229 3817 1329 3893; x_wconf 88' lang='lat' dir='ltr'>elari-</span> 
     </span>
    </p>
   </div>
   <div class='ocr_carea' id='block_1_3' title="bbox 0 0 1564 4860">
    <p class='ocr_par' dir='ltr' id='par_1_5' title="bbox 0 0 1564 4860">
     <span class='ocr_line' id='line_1_30' title="bbox 0 0 1564 4860; baseline 0 1"><span class='ocrx_word' id='word_1_191' title='bbox 0 0 1564 4860; x_wconf 95' lang='lat' dir='ltr'> </span> 
     </span>
    </p>
   </div>
  </div>
 </body>
</html>
