3120 4860
436 404 732 474 Auernum
768 399 876 472 Lru.
918 397 1000 471 XV.
1046 375 1049 384 Δ
1147 422 1217 502 229

254 574 343 646 ultro
372 563 506 645 metum
545 571 749 662 intentabat,
789 571 1029 669 “multosque
1060 569 1222 646 adstitisse

251 693 432 767 “libertos
459 719 500 766 ac
528 690 653 783 servos,
691 692 751 789 qui
785 694 907 766 eadem
931 690 1104 766 viderint:
1137 689 1223 764 nihil

251 821 278 857 “
297 813 644 912 profuturum'unius
667 812 861 889 silentium:
897 831 930 886 at
949 810 1091 910 praemia
1118 837 1222 912 penes

251 940 278 976 “
296 959 408 1007 unum
425 933 513 1024 fore,
544 933 604 1032 qui
621 932 754 1006 indicio
777 933 1028 1031 praeveniffet.”

295 1056 376 1126 LV.
402 1055 558 1144 Iorrun,
581 1055 696 1152 coeptrl
723 1055 814 1144 luce,
847 1053 1016 1128 Milichus
1048 1053 1086 1128 in
1107 1055 1225 1130 hortos
1322 1041 1324 1052 ’

248 1153 452 1246 Servilianos
494 1174 628 1272 pergit;
673 1179 707 1248 δι
749 1174 832 1248 clim
868 1171 1004 1248 foribus*
1038 1197 1222 1266 arceretur,

251 1303 279 1337 “
293 1319 435 1392 magna,
461 1292 640 1368 &atrocia
664 1292 820 1368 adferre”
843 1292 1015 1383 dietitans,
1040 1295 1224 1370 dedudlus-

249 1441 319 1512 que
335 1417 379 1488 ab
388 1413 595 1511 janitoribus
611 1415 655 1486 ad
673 1414 836 1490 libertum
855 1413 1017 1504 Neronis,
1039 1417 1219 1514 Epaphro-

247 1535 375 1624 ditum,
390 1561 477 1608 mox
495 1537 591 1610 abeo
603 1536 647 1608 ad
660 1537 853 1625 Neronem,
869 1561 996 1634 urgens
1014 1537 1220 1634 periculum,

189 1655 192 1661 ’
248 1681 367 1755 graves
384 1654 650 1752 conjurationes,
671 1661 705 1730 δι
728 1677 839 1730 cetera
857 1657 1116 1754 quae'audierat,
1136 1685 1220 1734 con-

239 1775 509 1880 jeslaveratque,
535 1777 648 1850 docet.
709 1776 838 1849 Telum
865 1801 1007 1876 quoque
1039 1777 1075 1851 in
1098 1805 1220 1857 necent

188 1953 191 1960 -
244 1897 313 1997 ejus
342 1918 499 1996 paratum
526 1896 687 1988 ostendit,
717 1895 891 1993 accirique
916 1923 1014 1972 reum
1031 1897 1137 1996 jussit.
1187 1903 1220 1976 Is

242 2039 360 2116 raptus
381 2046 443 2116 per
465 2018 606 2104 milites,
631 2021 664 2088 ἃ
688 2014 922 2087 defensionem
950 2017 1054 2106 orsus,
1089 2027 1117 2064 ‘⁶
1138 2024 1219 2096 Fer.

136 2169 139 2176 ⁴
245 2146 272 2182 “
290 2166 381 2230 rum,
412 2135 510 2234 cujus
548 2154 764 2233 argueretur,
800 2133 885 2206 olim
914 2133 1079 2232 religione
1110 2143 1218 2236 patrib

244 2267 271 2304 “
290 2263 440 2347 cultum,
471 2263 504 2332 &
532 2255 568 2328 in
591 2253 754 2328 cubiculo
780 2253 952 2343 habitum,
974 2279 1014 2328 ac
1038 2254 1155 2333 fraude
1178 2261 1218 2334 li·
1249 2310 1252 2319 ·

245 2379 381 2453 “berti
402 2377 628 2474 subreptum''
657 2372 843 2472 respondit.
896 2375 1090 2450 “Tabulas
1117 2378 1218 2454 testa·
1266 2357 1271 2376 ⁵

244 2506 274 2546 “
292 2498 400 2572 menti
416 2497 536 2596 saepius
553 2523 574 2570 a
590 2495 635 2588 se,
665 2499 697 2568 ἃ
720 2493 927 2572 incustoditi
950 2495 1086 2574 dierum
1105 2497 1218 2575 obser·

243 2629 270 2667 “
288 2620 439 2710 vatione,
459 2623 615 2718 fignatas.
667 2616 835 2692 Pecunias
859 2623 893 2694 δι
917 2615 1087 2695 libertates
1112 2619 1217 2698 servis

243 2749 271 2790 ‘⁶
290 2747 322 2816 ὃς
338 2743 417 2818 ante
436 2743 530 2816 dono
545 2740 642 2812 datas
658 2767 667 2812 ε
692 2736 750 2811 sed
768 2737 847 2812 ideo
869 2758 952 2814 tunc
971 2739 1114 2838 largius,
1134 2743 1218 2842 quia

242 2863 383 2936 “tenui
403 2861 479 2960 jam
496 2859 726 2956 refamiliari,
754 2863 786 2932 &
814 2858 1016 2934 instantibus
1038 2861 1216 2938 creditori·

187 3029 193 3048 ·
242 2990 271 3028 “
291 2985 369 3072 bus,
410 2982 616 3056 testamento
652 2981 835 3056 diffideret.
900 2981 1090 3056 Enimvero
1128 2983 1215 3060 libe-

242 3109 269 3150 “
287 3104 372 3178 tales
403 3101 535 3198 semper
567 3103 683 3200 epulas
705 3101 873 3192 struxisse,
899 3107 932 3177 δε
962 3101 1071 3180 vitum
1103 3129 1214 3180 amoe·

242 3231 269 3266 “
287 3221 383 3312 nani,
412 3222 555 3296 &duris
567 3220 743 3320 judicibus
760 3249 884 3320 parum
902 3226 1094 3320 probatam.
1145 3229 1213 3302 Fo-

240 3351 268 3390 “
286 3364 403 3418 menta
421 3342 621 3418 vulneribus
645 3345 740 3417 nulla
758 3342 851 3442 jussu
868 3341 950 3430 su03
981 3341 1037 3418 sed
1057 3345 1139 3444 quia
1155 3373 1212 3424 ce·

240 3471 268 3512 “
284 3484 358 3538 tera
385 3466 498 3561 palam
524 3489 613 3538 vana
636 3461 823 3560 objecisset,
850 3461 1036 3564 adjungere
1064 3466 1212 3562 crimen,

240 3593 267 3628 “
286 3583 384 3683 cujus
415 3583 449 3658 se
483 3584 610 3682 pariter
643 3583 795 3660 indicem
833 3585 867 3656 &
905 3584 1023 3658 testem
1053 3583 1213 3662 faceret.”
1273 3578 1278 3589 ’

238 3704 372 3803 Adjicit
394 3705 495 3778 diuis
524 3703 769 3780 constantiam:
793 3702 924 3778 incusat
942 3705 1032 3778 ultro
1067 3711 1093 3750 “
1111 3705 1212 3782 intes·

241 3831 268 3877 ⁶‘
285 3827 441 3918 rabilem,
468 3830 501 3904 &
519 3823 828 3915 consceleratum,”
854 3827 947 3902 tantl
965 3823 1061 3906 vocis
1077 3851 1117 3904 ac
1134 3827 1210 3904 vul·

681 3951 772 4054 (λε
