3120 4860
350 347 422 424 250
567 321 608 396 C.
634 320 880 398 Couuarrr
908 320 1091 394 Tncrrr

348 502 554 586 berarentur,
580 495 642 594 qui
660 520 719 594 per
739 521 868 570 cuneos
885 495 1034 588 stabant,
1053 521 1097 570 ne
1115 495 1214 593 quod
1228 512 1330 570 tern-

345 618 438 718 poris
450 637 668 690 momentum
685 617 808 714 impari
821 618 987 707 clamore,
1002 637 1061 690 aut
1074 611 1327 718 silentiolsegni

345 738 543 837 praeteriret.
591 737 753 813 Constitit
775 735 951 834 plerosque
964 736 1134 835 equitum,
1157 738 1245 810 dum
1258 759 1326 831 per

345 858 519 958 angustias
544 859 656 932 aditlts
674 863 707 934 u
731 859 951 958 ingruentem
968 857 1229 933 multitudinem
1246 853 1325 930 eni-

347 999 481 1069 tuntur,
498 979 669 1054 obtritos:
699 985 732 1056 &
754 981 853 1067 alios,
878 981 965 1056 dum
987 979 1085 1052 diem
1112 979 1323 1073 nostemque

346 1101 512 1178 sedilibus
535 1103 752 1191 continuant,
782 1104 907 1176 morbo
928 1099 1096 1176 exitiabili
1122 1117 1319 1195 correptos:

348 1224 481 1322 quippe
500 1223 640 1321 gravior
662 1223 771 1298 inerat
789 1245 916 1313 ments,
938 1225 961 1296 s1
984 1220 1175 1318 speoaeulo
1197 1215 1322 1294 defuis·¹

302 1427 305 1434 ,
347 1345 434 1435 sent,
464 1345 581 1421 multis
610 1346 740 1441 palam,
764 1349 797 1420 δι
823 1343 977 1441 pluribus
1004 1342 1161 1432 occultis,
1191 1358 1229 1416 ut
1256 1364 1323 1412 no‹

349 1466 446 1542 mina
479 1492 519 1542 ac
546 1467 678 1554 vultus,
702 1464 912 1538 alacritatem
930 1461 1175 1559 tristitiamque
1191 1466 1323 1536 coeun-

349 1586 437 1660 tium
454 1583 691 1658 scrutarentur.
742 1583 849 1654 Unde
865 1582 1077 1656 tenuioribus
1093 1583 1206 1656 statim
1227 1581 1324 1656 i'nro-

349 1723 429 1800 gata
456 1700 640 1796 supplicia:
679 1701 842 1774 adversus
874 1699 1035 1774 inlustres
1071 1701 1326 1781 diffimulatum

346 1822 392 1894 ad
408 1817 568 1918 presens,
595 1825 732 1900 &mox
750 1796 927 1894 redditum
947 1819 1082 1898 odium.
1130 1823 1162 1892 F
1162 1823 1327 1894 erebant„

348 1966 419 2038 que
444 1947 471 1982 “
489 1939 746 2038 Vespasianum,
770 1959 951 2036 tamquam
964 1938 1084 2014 somno
1101 1939 1328 2034 conniveret,

348 2069 375 2106 “
394 2063 569 2139 anoebo
585 2061 709 2140 liberto
726 2059 947 2157 increpitum,
961 2061 1123 2158 aegreque
1136 2059 1325 2154 meliorum
1369 2167 1372 2174 .

312 2214 316 2222 ’
351 2183 560 2281 “precibus
588 2183 788 2258 obredum:
824 2207 910 2256 mox
941 2180 1182 2264 imminentem
1206 2180 1325 2283 perui.

352 2312 380 2348 “
399 2305 487 2394 ciem
506 2301 637 2402 majore
653 2301 723 2376 fato
739 2302 932 2400 effugiffe.'’
1212 2283 1215 2288 ⁵

398 2425 461 2498 Vl.
485 2427 584 2498 Posr
603 2425 710 2514 finem
729 2423 867 2513 ludicri,
885 2425 1038 2521 Poppaea
1054 2441 1202 2498 mortem
1218 2421 1319 2513 obiit,

350 2544 490 2624 fortuiti
508 2543 622 2622 mariti
638 2543 827 2634 iracundia,
846 2571 866 2620 a
882 2569 955 2642 quo
974 2544 1117 2642 gravida
1133 2544 1204 2618 ieru
1221 2541 1323 2618 caleis

347 2664 488 2743 adflislt
514 2665 574 2740 est.
633 2666 761 2761 Neque
782 2664 876 2740 enim
901 2691 1076 2738 venenum
1102 2661 1321 2753 crediderim,

349 2784 520 2882 quamvis·
535 2784 679 2882 quidam
706 2784 885 2882 scriptores
905 2787 1056 2876 tradant,
1085 2785 1168 2860 odio
1192 2782 1322 2882 magis,

351 2909 459 3006 quam
492 2931 537 2985 ex
569 2908 650 2982 fide.
715 2905 859 3004 Quippe
886 2907 1072 2985 liberorum
1100 2905 1258 3003 cupiens,
1289 2911 1325 2984 δι

347 3027 457 3106 amori
489 3027 608 3100 uxoris
635 3026 808 3104 obnoxius
834 3047 916 3106 erat.
980 3030 1118 3124 Corpus
1150 3053 1221 3100 non
1248 3025 1324 3123 igni

348 3147 535 3235 abolitum,
552 3166 591 3220 ut
614 3151 797 3226 Romanus
819 3172 918 3234 mos;
945 3145 1003 3220 sed
1019 3173 1144 3245 regum
1161 3167 1323 3220 externo-

348 3291 427 3340 rum
456 3264 713 3356 consuetudine,
746 3267 924 3351 differtum
952 3267 1117 3342 odoribus
1144 3266 1321 3356 conditur,

237 3449 241 3458 „
348 3381 553 3485 tumuloque
569 3389 743 3483 Juliorum
761 3387 917 3468 insertur.
958 3390 1083 3462 Duoae
1096 3409 1213 3461 tamen
1231 3387 1323 3482 pub-

351 3507 427 3588 licae
446 3506 627 3606 exsequia,
654 3509 875 3606 laudavitque
891 3507 961 3605 ipse
976 3510 1071 3606 apud
1085 3507 1187 3580 rostra
1214 3512 1240 3547 “
1253 3503 1324 3578 sor-

351 3639 379 3686 “
398 3654 493 3734 mqm
510 3628 595 3722 ejus,
621 3633 653 3702 δι
679 3629 775 3726 qudd
798 3629 924 3704 divinae
949 3628 1086 3702 infantis
1102 3648 1222 3724 parens
1239 3622 1322 3706 fuis,

351 3761 378 3810 ‘⁴‘
396 3750 481 3841 set,''
498 3749 634 3856 aliaque
646 3747 791 3830 sortunae
809 3775 953 3829 munera
970 3776 1033 3852 pro
1049 3745 1244 3826 vitutibus.

1533 2047 1536 2202 l
