3076 4868
291 341 312 414 8
483 335 1084 424 C.Conuaa11TAcrs1‚
1136 337 1143 358 ‘

288 514 488 586 “lumenta
515 533 653 610 petere:
689 513 866 613 cogitaret¹
888 515 1044 614 plebem,
1078 538 1155 612 quae
1183 513 1267 613 toga

289 641 318 678 “
334 630 553 708 enitesceret:
588 634 727 708 sublatis
760 635 951 709 studiorum
993 633 1124 733 pretiis,
1159 635 1269 709 etiam
1327 719 1334 738 ι

288 753 445 826 “studia
473 753 659 852 peritura.”
719 757 774 829 Ut
803 755 919 832 minus
946 757 1072 830 decora
1100 755 1190 846 hac,
1222 757 1269 830 ita

285 875 382 951 haud
413 875 536 950 frustra
561 876 655 950 urna
678 855 842 976 Princeps
866 895 974 968 ratus,
1003 875 1182 974 capiendis
1207 897 1287 981 pa

286 995 398 1070 cuniis
429 996 543 1094 posuit
570 984 735 1088 modum,
766 997 874 1097 usque
907 1000 953 1072 ad
986 1000 1077 1073 dena
1108 995 1267 1090 sestertia,
1384 1081 1385 1084 Ἴ

287 1116 528 1216 quem'egreffi
539 1121 810 1216 repetundarum
826 1140 1036 1194 tenerentur.

229 1289 232 1300 1
309 1307 311 1312 ,
335 1240 432 1311 VIII.
456 1239 530 1312 Sus
557 1239 651 1314 idem
666 1260 805 1338 tempus
822 1237 1058 1331 Mithridates,
1077 1263 1183 1338 quern
1199 1239 1267 1316 im-

286 1357 446 1456 peritaffe
463 1361 654 1451 Armeniis,
673 1363 769 1434 &ad
792 1359 1010 1456 presentiam,
1024 1359 1164 1436 Caesaris
1186 1385 1267 1436 vec-

230 1559 232 1564 ,
282 1499 360 1554 tum
386 1481 592 1569 memoravi,
616 1499 778 1552 monente
794 1478 958 1568 Claudio,
986 1478 1023 1550 in
1049 1504 1197 1576 regnum
1214 1507 1269 1554 re-

284 1600 430 1691 meauit,
453 1598 531 1673 fisus
555 1595 790 1671 Pharasmanis
812 1595 949 1695 opibus.
999 1592 1032 1671 ls
1057 1623 1119 1672 rex
1143 1600 1268 1692 Iberis,
1336 1655 1341 1664 .

284 1719 451 1818 idemque
479 1717 694 1810 Mithridatis
728 1715 843 1808 frater,
875 1715 1057 1792 nuntiabat
1091 1719 1267 1796 “discor-

200 1889 204 1895 -
285 1842 418 1924 “dare
455 1841 633 1914 Parthosz·
663 1838 869 1937 summaque
908 1839 1046 1938 imperii
1083 1841 1267 1941 ambigua,

286 1961 472 2034 “minora
495 1965 562 2035 sine
584 1961 664 2036 curi
681 1960 836 2034 haberi.'’
885 1963 981 2036 Nam
999 1961 1086 2035 inter
1107 1963 1267 2042 Gotarzis

283 2083 449 2181 pleraque
474 2081 564 2155 saeva
595 2082 678 2180 (qui
700 2108 822 2156 necem
845 2082 940 2156 fratri
965 2086 1159 2172 Artabano,
1183 2104 1274 2156 con-x

275 2201 425 2303 jugique
441 2230 481 2278 ac
499 2203 573 2278 filio
589 2203 660 2303 ejus
677 2225 933 2302 properaverat,
950 2205 1045 2278 unde
1062 2223 1176 2276 metus
1193 2201 1266 2301 ejus

282 2323 319 2398 in
347 2314 496 2422 ceteros)
523 2325 681 2399 accivere
703 2327 894 2398 Bardanen.
943 2327 1020 2416 Ille,
1041 2344 1080 2398 ut
1096 2343 1175 2397 erar'
1191 2347 1265 2398 ma-

285 2447 364 2544 gnis
389 2450 474 2518 ausis
499 2463 699 2541 promptus,
723 2443 832 2516 biduo
857 2443 921 2516 tria
948 2445 1059 2524 millia
1081 2445 1267 2520 stadiorum

280 2565 429 2654 invadit,
455 2563 740 2661 ignarumque&
765 2563 969 2636 exterritum
987 2567 1166 2636 Gotarzen
1183 2589 1266 2659 pro-
1367 2582 1372 2588 ’

281 2688 424 2773 turbat:
456 2708 571 2781 neque
588 2686 784 2774 cunctatur,
813 2681 898 2780 quin
923 2681 1100 2779 proximas
1122 2683 1265 2780 praefec·

279 2825 371 2878 tutas
399 2803 577 2902 corripiat,
606 2803 684 2878 solis
708 2804 964 2878 Seleucensibus
985 2802 1266 2908 dominationem
1295 2835 1306 2848 ⁸
1356 2893 1359 2904 Ι

194 2979 198 2985 -
274 2923 352 3022 ..ejus
380 2917 631 3000 abnuentibus:
663 2927 700 2999 in
729 2950 832 3026 quos,
857 2945 899 2999 ut
925 2925 1027 3024 patris
1050 2909 1101 3000 sui
1123 2953 1268 3027 quoque

278 3043 484 3135 defectores,
513 3043 564 3116 ira
589 3050 715 3142 magis,
742 3048 851 3144 quarn
872 3027 918 3120 ex
942 3045 1005 3120 usu
1030 3047 1187 3144 praesenti
1208 3075 1265 3122 ac-

233 3144 238 3156 *
279 3165 413 3256 census,
431 3164 632 3262 implicatur
648 3166 826 3238 obsidione
843 3167 939 3239 urbis
956 3168 1097 3262 validae,
1114 3175 1264 3244 &mun-

279 3285 418 3360 imentis
442 3284 568 3384 objecti
594 3283 718 3374 amnis,
746 3310 918 3383 muroque
947 3292 982 3362 δι
1010 3287 1263 3366 commeatibus

201 3391 215 3458 .'
278 3409 438 3480 firmata.
489 3405 633 3480 Interim
651 3408 833 3496 Gotarzes,
862 3409 1044 3482 Daharum
1072 3409 1262 3500 Hyrcano·

257 3552 428 3624 ¹rumque
450 3525 576 3624 opibus
601 3528 736 3617 auctus,
759 3527 892 3618 bellum
909 3545 1078 3601 renovat:
1108 3524 1263 3602 coaetus·

278 3671 347 3745 que
363 3649 535 3721 Bardanes
550 3647 709 3720 omittere
726 3647 932 3741 Seleuciam,
953 3645 1152 3722 ,Baarlanos
1168 3647 1263 3747 apud

277 3792 419 3866 campos
444 3767 553 3844 castra
569 3767 725 3846 contulit.
