3006 4866
413 419 904 494 ¹·Aon1conn.
1126 441 1199 518 329
1312 412 1314 418 ’

214 599 250 660 3‘
266 593 320 668 t'us
346 593 385 667 in
403 592 621 692 sanguinem,
652 612 854 692 procurator
876 592 913 666 in
929 591 1022 666 botia
1045 590 1208 666 saeviret:-

115 771 126 778 -
219 721 249 758 “
267 716 366 813 aequd
390 713 600 788 discordiam
627 718 905 812 praepofitorum,
926 711 1027 810 aqut}
1054 739 1200 786 coneor-

219 841 248 880 “
266 827 362 910 diam
379 834 537 930 subjettis
561 834 764 908 exitiosam:
794 833 931 907 alterius
949 859 1086 923 manus,
1119 858 1201 908 cen-

219 961 247 998 “
265 956 417 1028 turiones
434 955 583 1044 alterius,
610 954 685 1028 vim
715 959 749 1027 &
777 954 1004 1028 contumelias
1021 951 1197 1027 miscere:

220 1079 248 1118 “
267 1074 352 1146 nihil
375 1073 450 1172 jam
477 1075 675 1172 cupiditati,
710 1075 797 1148 nihil
824 1074 964 1148 libidini
982 1094 1197 1170 exceptum:

221 1199 250 1236 “
268 1192 306 1266 in
324 1195 450 1290 proelio
474 1190 652 1268 fortiorem
681 1198 761 1286 esse,
792 1195 854 1292 qui
871 1195 1017 1292 spoliet:
1045 1220 1139 1293 nunc
1156 1196 1202 1274 ab

221 1319 249 1355 “
268 1313 406 1410 ignavis
428 1317 637 1412 plerumque
666 1321 698 1390 &
721 1315 922 1390 imbellibus
945 1314 1033 1411 eripi
1061 1317 1202 1405 domos,

219 1439 248 1478 “
265 1434 416 1508 abstrahi
426 1436 575 1528 liberos,
589 1435 724 1534 injungi
740 1437 907 1526 deleelus,
924 1455 1111 1532 tamquam
1123 1459 1201 1508 mo·
1222 1461 1224 1468 ¹

221 1555 298 1626 “ri
324 1555 461 1628 tantum
491 1583 554 1654 pro
577 1557 685 1654 patria
710 1556 963 1632 nescientibus:
986 1556 1204 1654 quantulum

220 1680 249 1722 “
268 1674 363 1748 enim
391 1679 541 1750 transisse
570 1675 737 1766 rnilitum,
765 1676 876 1750 fisese
900 1675 1052 1752 Britanni
1079 1702 1203 1770 nume·

222 1801 250 1840 ‘⁴
267 1799 371 1878 rent?
404 1801 448 1870 stc
474 1796 678 1870 Germanias
703 1795 1044 1896 excuffiffejugum3
1075 1803 1109 1872 ὅτ
1134 1802 1201 1874 flu·-
1305 1805 1313 1812 ’
1408 1825 1410 1838 ·

220 1921 249 1958 “
267 1915 373 2007 mine,
392 1943 464 1989 non
481 1919 638 2006 Oceano,
660 1915 828 1988 defendi:
855 1917 916 1990 fibi
934 1917 1094 2014 patriam,
1114 1945 1200 1992 con·

206 2042 246 2092 -'“
258 2034 376 2132 juges,
404 2055 575 2130 parentes,
593 2035 660 2118 illis
677 2035 854 2110 avaritiam
873 2040 906 2108 ὅτ
925 2038 1100 2112 luxuriam
1119 2065 1203 2113 cau·

219 2153 316 2227 “sas
335 2155 525 2248 belliesle:
551 2157 749 2244 recessuros,
777 2175 817 2229 ut
838 2154 942 2228 divus
958 2156 1072 2251 Julius
1096 2158 1202 2231 reces-

220 2283 248 2324 “
267 2279 367 2365 srffet,
397 2275 517 2348 modi:¹
536 2274 677 2352 virtutes
703 2273 875 2371 majorum
902 2274 1041 2350 suorum
1060 2280 1203 2352 aemula-

221 2403 249 2440 “
266 2416 385 2472 rentur
398 2425 409 2482 3
436 2421 524 2469 neve
553 2395 672 2494 proelii.
697 2395 799 2470 unius
822 2415 887 2475 ,aut
912 2396 1050 2471 alterius
1076 2419 1204 2474 eventu

222 2523 250 2570 4‘
269 2517 508 2614 pavescerent:
541 2519 626 2614 plus.
649 2516 816 2613 impettls,
848 2514 1017 2614 majorem
1042 2519 1203 2594 constan-

220 2638 350 2712 “tiam
368 2663 473 2736 penes
488 2637 628 2712 miseros
645 2639 724 2712 effe.
774 2640 856 2732 Jam
881 2637 1124 2714 Britannorum
1139 2641 1203 2714 eti·

218 2767 247 2808 “
265 2787 324 2834 am
342 2762 425 2833 deos
442 2759 603 2848 misereri,
628 2760 690 2858 qui
707 2763 913 2834 Romanum
933 2757 1061 2834 ducem
1083 2760 1202 2834 absen-

220 2887 248 2926 “
266 2899 353 2969 tem,
379 2879 442 2978 qui
459 2882 652 2978 relegatum
670 2877 706 2953 in
724 2880 790 2954 alia
808 2879 914 2952 insulal
932 2879 1123 2956 exercitum
1141 2885 1203 2956 de-

221 2995 249 3044 ‘²
267 3001 439 3074 tinerent:
463 2999 540 3100 jam
567 2999 669 3097 ipsos,
697 3001 795 3098 quod
813 2999 1061 3076 difficillimum
1087 3001 1203 3097 suerit,

221 3130 250 3166 “
266 3121 483 3195 deliberare:
514 3147 616 3218 porro
644 3122 680 3194 in
709 3119 875 3217 ejusmodi
891 3121 1037 3195 consiliis
1067 3123 1202 3219 pericu·

221 3249 251 3290 ‘⁴
268 3244 371 3316 lofius
388 3245 455 3315 esse
479 3242 711 3338 deprehendi,
742 3243 850 3340 quam
866 3243 1032 3334 audere.'’

267 3363 366 3436 XVI.
392 3365 471 3437 His
487 3383 591 3460 atque
608 3342 733 3440 talibus
751 3361 906 3437 invicem
923 3362 1085 3456 instinsli,
1112 3370 1203 3440 Bou-
1277 3357 1280 3362 ¹

218 3481 331 3583 dices,
369 3483 504 3581 generis
531 3483 617 3581 regii
646 3483 788 3574 semina,
824 3484 914 3560 duce
948 3487 1081 3583 (neque
1108 3486 1204 3562 enim

219 3601 340 3678 sexum
364 3602 401 3676 in
426 3603 581 3700 imperiis
608 3603 823 3698 discernunt)
853 3602 1029 3702 sumpsdre
1057 3605 1203 3680 universi

219 3725 379 3800 bellum:
411 3749 452 3800 ac
477 3721 604 3820 sparsos
629 3725 843 3823 percastella
859 3725 984 3800 milites
1001 3707 1201 3816 masadan,

220 3843 430 3946 expugnatis
463 3843 641 3948 praesrdiis,
682 3837 791 3944 ipsam
824 3847 999 3924 coloniam
1033 3845 1202 3940 invasdre,
