3006 4866
476 405 893 492 Garunnam·
1097 427 1173 507 297

120 559 122 562 ⁵
194 572 298 673 lignis
313 547 518 648 crementur.
566 577 704 650 Struern
727 575 805 675 rogi
830 601 895 650 nec
918 572 1080 664 vestibus,
1106 599 1172 648 nec

192 694 357 771 odoribus
373 697 575 768 cumulant:
594 694 653 769 sua
669 697 795 794 cuique
810 713 919 788 arma,
938 694 1173 793 quorumdam
1233 794 1236 800 ¹

193 809 267 912 igni
286 817 319 886 δε
336 841 446 914 equus
463 812 631 912 adjicitur.
680 818 910 914 Sepulchrum
930 813 1046 912 cespes
1061 813 1174 912 erigit.

194 915 514 1008 Monumentorurn
541 937 691 1016 arduum
720 942 755 1010 ἃ
780 935 963 1034 operosum
987 937 1189 1023 honorem,

192 1077 233 1128 ut
247 1043 404 1153 'grauem
433 1054 621 1147 defundis,
648 1056 882 1154 aspernantur.
931 1059 1105 1130 Lamenta
1131 1079 1174 1127 ac

193 1176 354 1249 lacrimas
384 1176 468 1266 cito,
493 1177 653 1250 doloret'n
672 1182 705 1252 δι
722 1175 892 1250 tristitiam
908 1175 1007 1249 tarde
1025 1193 1173 1274 ponunt.

194 1293 350 1370 Feminis
361 1298 479 1394 lugere
495 1298 677 1370 honestum
695 1298 766 1390 est:
795 1297 879 1371 viris
896 1295 1100 1370 meminisse.

242 1417 414 1490 XXVIl·l.
440 1419 541 1493 Hroe
567 1417 604 1490 in
633 1423 821 1491 commune
843 1419 889 1490 de
905 1417 1068 1491 omnium
1083 1420 1172 1490 Ger-

193 1562 380 1612 manorum
409 1537 542 1635 origine
566 1563 607 1610 ac
631 1539 786 1612 moribus
807 1538 1018 1635 accepimus.
1067 1539 1175 1641 Nunc

194 1659 407 1754 fingularum
436 1657 594 1756 gentium
620 1657 785 1748 instituta,
808 1657 975 1756 ritusque,
1004 1677 1175 1756 quatenus

134 1764 136 1770 ’
191 1777 367 1866 differant,
382 1805 460 1875 quae
477 1778 629 1852 nationes
646 1778 863 1854 eGermanil
876 1779 913 1852 in
925 1780 1057 1852 Gallias
1074 1805 1173 1853 conr-

92 1939 97 1950 ·
189 1883 655 2010 migraverint,·e'xpediam.
704 1899 898 1973 Validiores
931 1899 1021 1973 olim·
1047 1901 1171 1974 Gallo-

191 2044 270 2092 rum
290 2043 341 2092 res
362 2017 461 2090 fuiffe
485 2016 639 2090 summus
655 2020 837 2090 auctorum
854 2018 956 2090 divus
973 2020 1087 2113 julius
1103 2039 1176 2116 tra-

146 2129 151 2140 *
192 2137 267 2214 dit:
295 2137 408 2234 eoque
432 2137 596 2210 credibile
620 2136 685 2225 est,
715 2135 818 2209 etiam
831 2139 957 2224 ,Gallos
974 2138 1011 2209 in
1026 2141 1174 2212 Germa·
1253 2179 1258 2186 ·

192 2258 288 2331 niam
316 2255 544 2388 transgreffos.
600 2255 821 2352 Qantulum
850 2257 944 2329 enirn
972 2257 1083 2330 amnis
1107 2260 1173 2331 ob·

192 2377 315 2466 stabat,
339 2375 541 2474 quominus,
570 2394 610 2448 ut
630 2402 824 2492 quaeque
800 2402 884 2450 <rens
902 2379 1087 2467 maluerat,
1113 2403 1174 2452 oc

192 2515 335 2594 cuparet
368 2516 676 2626 permutaretque
673 2495 769 2570 sedes
798 2477 1008 2594 promiscuas
1039 2499 1172 2589 adhuc,

196 2622 231 2692 δε
258 2619 355 2704 nulla
373 2613 560 2717 regnorum
583 2617 734 2716 potentia
756 2617 903 2691 divisas?
954 2617 1097 2717 Igitur
1087 2639 1189 2692 rntet
1260 2683 1263 2686 .
1372 2703 1376 2710 .

194 2738 413 2836 Hercyniam
430 2741 563 2842 silvam,
593 2739 833 2835 Rhenumque
858 2741 1077 2822 &Moenum
1097 2745 1173 2812 am&

193 2885 267 2949 nes,
286 2859 458 2948 Helvetii,
477 2857 637 2932 ulteriora
653 2858 741 2948 Boii,
756 2858 892 2932 Gallica
909 2878 1055 2956 utraque
1072 2885 1172 2958 gens,

193 2982 344 3055 tenuere.
393 2983 519 3054 Manet
542 2981 656 3053 adhuc
672 2979 794 3062 ,Boiemi
815 3004 958 3069 nomen,
989 2979 1174 3078 fignificat·
1273 3012 1277 3022 ·

194 3121 263 3200 que
296 3100 365 3174 loci
396 3111 549 3174 veterem
583 3099 800 3190 memoriam,
840 3099 1001 3198 quamvis
1034 3101 1175 3174 mutatis

194 3221 398 3296 cultoribus.
465 3222 532 3296 Sed
556 3222 675 3296 utrum
709 3219 863 3326 Aravisci
887 3219 922 3292 in
954 3221 1174 3318 Pannoniam

195 3346 241 3418 ab
262 3345 350 3432 Osis,
377 3344 636 3416 Germanorum
654 3340 805 3431 natione,
830 3366 876 3414 an
892 3343 949 3416 Osr
967 3342 1013 3414 ab
1031 3336 1173 3414 Aravis-

193 3464 242 3550 cis
271 3464 309 3546 in,
331 3462 571 3538 Germaniam·
586 3461 906 3560 commigraverint,
935 3463 1018 3536 clun
1046 3463 1174 3538 eodem

196 3585 311 3660 adhuc
328 3580 510 3672 sermone,
545 3581 720 3673 institutis,
754 3582 909 3658 moribus
939 3605 1093 3686 utantur,
1120 3585 1174 3658 in·
1208 3669 1213 3684 a

195 3726 328 3782 certum
344 3701 394 3779 est
409 3697 522 3802 :quia
539 3703 613 3800 pari
628 3703 714 3777 olirn
731 3703 847 3802 inopia
862 3731 902 3778 ac
919 3705 1089 3793 libertate,
1116 3731 1172 3778 ea·

193 3825 278 3906 dem
289 3824 468 3924 utriusque
485 3823 571 3932 ripae
589 3827 681 3908 bona
697 3823 858 3928 malaque
874 3846 979 3906 erant.
1029 3823 1174 3900 Treveri
