3120 4860
412 411 706 484 Annrrruu
748 409 858 481 Lta.
899 409 998 482 XVI.
1122 374 1224 484 261'

224 576 400 662 renalium
428 578 562 654 ludicro
596 607 718 678 parurn
751 579 1019 679 exspectabilem
1051 603 1193 676 operam

220 702 440 795 praebuerat:
467 725 578 798 eaque
593 701 736 774 offensio
752 702 851 776 altius
870 701 1084 799 penetrabat,
1111 701 1194 797 quia

218 817 313 892 idem
330 817 483 895 Thrasea
499 819 648 912 Patavii,
666 823 761 895 unde
778 811 871 895 ortus
889 841 975 911 erat,
1007 821 1097 894 ludis
1113 822 1193 894 Cae·

218 937 325 1029 sticis,
343 966 364 1012 a
379 937 535 1036 Trojano
553 945 732 1014 Antenore
748 941 923 1031 institutis,
948 941 1069 1016 habitu
1085 941 1192 1040 tragi-

219 1085 262 1140 co
279 1059 460 1134 cecinerat.
510 1059 578 1137 Die
595 1087 750 1159 quoque,
769 1088 841 1160 quo
867 1082 992 1158 praetor
1008 1061 1193 1151 Antistius,

219 1183 269 1256 ob
302 1183 431 1278 probra
463 1167 499 1258 in
531 1183 711 1263 Neronem
740 1187 943 1280 compofita,
969 1184 1015 1254 ad
1043 1203 1193 1256 mortem

219 1303 465 1392 damnabatur,
506 1300 643 1376 mitiora
688 1302 833 1394 censuit,
867 1302 1113 1400 obtinuitque:
1160 1307 1195 1375 ὅτ
1261 1325 1264 1330 ·

219 1421 302 1494 cum
312 1421 420 1494 desim
436 1423 584 1495 honores
600 1425 762 1519 Poppaeae
774 1424 1055 1512 decernerentur,
1070 1421 1192 1519 sponte

219 1539 354 1634 absens,
373 1542 484 1615 funeri
501 1568 571 1615 non
589 1541 752 1615 interfuit.
803 1545 892 1638 Qrae
920 1539 1097 1616 obliterari
1125 1567 1197 1615 non

219 1665 349 1738 finebat
376 1662 502 1759 Capito
535 1662 764 1752 Cossutianus,
803 1681 927 1758 praeter
957 1661 1118 1735 animum
1151 1666 1196 1736 ad
1307 1755 1309 1758 Ι

218 1781 350 1880 flagitia
366 1783 593 1883 praecipitem,
612 1782 774 1856 inimicus
790 1781 966 1872 Thraseae,
992 1782 1087 1880 quod
1111 1809 1193 1856 auc·

218 1902 353 1980 toritate
376 1902 449 2003 ejus
471 1905 685 1993 concidisset,
697 1902 851 2000 juvantis
872 1904 1024 1980 Cilicum
1046 1905 1193 2000 legatos,

217 2024 305 2100 dum
330 2024 540 2122 Capitonem
565 2024 834 2120 repetundarum
859 2020 1082 2118 interrogant.

155 2135 157 2146 ¹
221 2145 226 2152 ’
267 2147 389 2220 XXII.
427 2147 537 2241 Qun
573 2146 606 2214 ὃς
639 2141 698 2212 illa
729 2137 942 2236 objedtabat:
982 2141 1194 2240 “principio

114 2305 121 2320 ·
220 2272 248 2308 “
265 2265 347 2338 anni
376 2263 487 2336 vitare
518 2259 708 2334 Thraseam
737 2258 901 2332 sollemne
923 2256 1192 2356 jusjurandum:
1248 2275 1255 2282 '

174 2381 176 2386 ’
221 2391 248 2434 “
267 2383 583 2480 nuncupationibus
600 2403 763 2455 votorum
785 2405 856 2454 non
878 2381 1003 2468 adeffe,
1035 2382 1196 2478 quamvis

221 2503 569 2604 “quindecimvirali
609 2499 798 2578 sacerdotio
834 2501 1044 2598 praeditum:
1089 2527 1193 2576 num-

221 2634 377 2725 “quam
404 2653 468 2725 pro
497 2624 603 2699 salute
634 2621 819 2718 Principis,
845 2642 903 2696 aut
919 2640 923 2648 ·
942 2621 1069 2696 calesti
1107 2647 1194 2697 voce

221 2755 249 2796 “
269 2746 514 2832 immolaviffe3
541 2745 723 2818 adfiduum
739 2743 822 2848 olim
840 2731 875 2816 ³&
895 2740 1113 2834 indefessum,
1133 2745 1194 2842 qui

222 2875 249 2914 “
264 2867 469 2966 uulgaribus
487 2891 629 2964 quoque
647 2853 787 2962 patruni
804 2861 964 2937 consuitis
991 2862 1096 2938 semet
1118 2863 1200 2939 fau·

221 2994 249 3050 ‘.‘
267 3007 395 3079 torem,
414 3007 472 3060 aut
489 2983 718 3060 adversarium
736 2985 938 3073 ostenderet,
958 2985 1107 3058 triennio
1123 3011 1193 3060 non

220 3112 248 3150 “
266 3097 430 3181 introiisse
447 3107 599 3182 curiam:
618 3105 900 3203 nuperrimeque,
918 3107 1014 3192 etim,
1032 3089 1076 3180 ad
1094 3114 1193 3182 coer·

221 3236 249 3274 “
267 3229 397 3304 cendos
422 3229 577 3302 Silanum
605 3232 638 3302 az
662 3230 839 3316 Veterem,
862 3226 1015 3300 certatim
1046 3253 1193 3301 concur-

221 3358 248 3399 “
266 3371 408 3441 reretur,
434 3350 573 3448 privatis
600 3348 715 3447 potiits
747 3347 925 3422 clientium
961 3347 1109 3445 negotiis
1133 3345 1203 3422 val

220 3481 248 3534 ‘-‘
268 3471 417 3546 caviffet
450 3471 666 3545 seceffionem
685 3467 759 3567 jam
784 3468 834 3559 id,
861 3474 894 3541 δι
919 3487 1050 3564 partes3
1086 3473 1133 3558 ὅτ,
1169 3473 1193 3542 sr
1303 3553 1306 3562 Ἰ

221 3601 248 3643 “
266 3593 361 3666 idem
379 3591 480 3666 multi
497 3593 659 3681 audeant,
680 3591 814 3664 bellurn
831 3589 934 3662 effe.”
966 3589 1058 3660 “Ut
1079 3613 1192 3684 quon·
1283 3673 1289 3684 ι

221 3721 248 3768 “
266 3714 348 3788 darn'
371 3715 413 3787 C.
435 3711 642 3801 Caesatem,'’
670 3710 800 3808 inquit,
825 3711 900 3782 “&
925 3711 982 3782 M.
994 3709 1194 3796 ·Catonem;

223 3841 249 3887 “
267 3834 314 3920 ita
336 3861 431 3931 nunc
455 3855 504 3926 te,
534 3834 644 3924 Nero,
676 3835 711 3904 &
734 3827 923 3905 Thraseam
945 3828 1046 3906 avida
1063 3827 1192 3909 discor·

654 3952 722 4066 Sa
