3126 4864
417 391 709 460 Auximon
745 384 853 458 Lra.
900 385 998 458 XIV.
1148 384 1214 483 ¹⁶9

252 555 452 653 “quamvis
498 559 656 630 nondum
704 557 873 630 concusso*
914 549 1214 642 senatusconsulto,

248 683 276 719 ‘⁴
294 677 391 773 quod
408 675 613 774 supplicium
628 677 691 750 toti
706 674 844 752 familia
862 675 1093 750 minitabatur.
1142 675 1216 749 De·

248 801 276 838 “
294 795 422 869 cernite
436 796 574 870 hercule
591 794 843 892 impunitatem.
875 800 925 870 At
943 821 1054 892 quem·
1065 792 1216 892 dignitas

247 923 276 960 ‘⁶
293 914 351 990 sua
375 913 553 1007 desendet,
583 917 664 1005 ciam
694 913 892 1011 praefectura
914 914 1020 992 Urbis
1040 916 1111 992 non
1137 938 1217 1010 pro-

248 1043 277 1088 ‘-‘
295 1034 420 1109 fuerit?
479 1039 599 1132 Qrem
636 1060 802 1108 numerus
841 1035 1015 1108 servorum
1048 1032 1216 1124 tuebitur,

249 1161 277 1200 “
295 1156 379 1229 cum
411 1153 604 1227 Pedanium
634 1156 833 1228 Secundum
873 1153 1112 1250 quadringenti
1145 1177 1228 1226 non.

225 1331 228 1342 .
249 1282 277 1318 “
296 1274 538 1371 protexerint?
575 1274 656 1347 -cui
681 1272 812 1346 familia
828 1299 934 1370 opem
954 1269 1062 1363 feret,¹
1079 1299 1158 1370 quae
1174 1297 1219 1346 ne

250 1392 333 1465 “in
360 1411 457 1466 metu
484 1393 627 1490 quidem
651 1394 803 1491 pericula
818 1392 931 1466 nostra
947 1392 1090 1476 avertit?
1143 1398 1218 1482 An,

250 1519 278 1555 “
296 1532 334 1585 ut
349 1513 490 1609 quidam
509 1515 640 1610 fingere
657 1539 730 1586 non
746 1512 963 1604 erubescunt,
989 1511 1128 1610 injurias
1144 1508 1218 1585 suas

250 1631 389 1704 “ultus
411 1630 460 1703 est
484 1629 702 1706 interfector?
739 1632 820 1730 quia
842 1634 887 1706 de
910 1635 1051 1730 paterna
1073 1632 1220 1729 pecunia

248 1755 276 1792 “
292 1747 512 1848 transegerat,
536 1757 595 1824 aut
620 1751 751 1826 avitum
777 1752 990 1850 mancipium
1013 1753 1218 1826 detraheba·
1244 1753 1249 1762 '

248 1875 276 1914 “
293 1873 371 1942 tur?
398 1871 662 1946 Pronuntiemus
679 1873 782 1963 ultro,
801 1870 1074 1970 dominumjure
1091 1871 1218 1948 caesum

248 1996 276 2032 ‘¹
294 1990 422 2064 videri,

294 2109 430 2183 XLIV.
457 2116 485 2153 “
504 2113 633 2186 Lrnar
661 2125 865 2207 argumenta
882 2095 1083 2204 conquirere
1107 2111 1144 2184 in
1160 2137 1216 2204 e0,

247 2235 277 2274 “
295 2230 392 2326 quod
407 2229 665 2328 sapientioribus
681 2227 909 2301 deliberatum
925 2227 1009 2300 west?
1060 2229 1125 2302 Sed
1144 2235 1218 2306 &fi
1268 2283 1284 2294 -

241 2335 277 2391 ’“
293 2373 387 2420 nunc
400 2347 555 2444 primum
573 2347 792 2425 statuendum
808 2349 1024 2437 haberemus,
1043 2349 1219 2424 creditisne
1287 2383 1288 2386 ¹

250 2473 278 2510 “
294 2466 430 2542 servum
441 2467 668 2574 interficiendi
679 2467 815 2542 domini
826 2467 981 2542 animum
994 2467 1217 2566 insumpsisse,

250 2595 278 2632 “
295 2608 416 2664 utnon
432 2613 504 2662 vox
522 2588 641 2662 minax
658 2588 854 2662 excideret?
874 2587 958 2662 nihil
974 2615 1034 2686 per
1049 2590 1218 2668 temerita-

249 2713 277 2754 ‘l
295 2729 367 2784 tem
395 2711 682 2808 proloqueretur?
722 2708 809 2782 Sane
833 2707 1019 2785 *confilium
1050 2710 1218 2802 occuluit,

248 2808 404 2903 “telum
438 2829 528 2904 inter
559 2829 698 2928 ignaros
733 2827 883 2926 paravit:
935 2855 1021 2904 num
1054 2834 1217 2906 excubias

250 2955 278 2992 “
295 2952 460 3040 transm,
485 2945 638 3024 cubiculi
667 2947 758 3022 fores
786 2950 990 3041 recluderet,
1020 2953 1140 3042 lumen
1162 2952 1216 3024 in-

251 3075 279 3111 “
296 3067 409 3160 ferret,
426 3071 560 3144 caedem
578 3087 740 3167 patraret,
754 3068 916 3144 omnibus
930 3069 1069 3145 nesciis?
1098 3074 1218 3146 Multa
1334 3159 1337 3176 ι

250 3195 278 3232 “
302 3187 433 3263 sceleris
456 3187 581 3263 indicia
608 3188 833 3286 praeveniunt.
887 3190 980 3263 Servi
1008 3194 1040 3274 sr,
1055 3193 1217 3288 prodant,

251 3315 279 3352 “
298 3308 474 3405 possumus
493 3309 615 3407 singuli
633 3307 721 3382 inter
737 3311 864 3406 plures,
883 3311 947 3384 tuti
964 3309 1053 3384 inter
1068 3312 1216 3400 anxios3

250 3433 278 3472 “
296 3427 484 3526 postremi),
496 3433 531 3502 ‘fi
550 3431 833 3526 pereundumst,
851 3457 921 3504 non
937 3431 1037 3506 inulti
1054 3432 1141 3507 inter
1153 3459 1217 3508 no·
1246 3501 1251 3506 .

237 3549 276 3594 '³‘
293 3568 422 3640 centes,
441 3575 555 3649 agere.
604 3549 766 3648 Suspecta
782 3549 968 3649 majoribus
985 3553 1105 3626 nostris
1121 3551 1218 3630 fuere

247 3676 277 3712 ‘¹
294 3669 433 3766 ingenia
448 3669 639 3762 servorum,
665 3670 769 3746 etiam
792 3672 874 3748 cirm
891 3674 926 3746 in
943 3673 1048 3772 agris,
1077 3677 1216 3750 autdo-

249 3795 277 3834 “
295 3789 408 3878 mibus
424 3790 558 3886 iisdem,
584 3790 809 3887 nascerentur,
837 3793 1084 3893 caritatemque
1097 3797 1213 3872 domi-
