3006 4866
507 348 956 460 Aenteoaas
1086 413 1190 490 -339

212 558 315 650 tium,
334 557 460 658 proello
472 562 653 659 tongreffi,
669 587 709 634 ae
721 559 808 660 saepe
826 560 986 652 viliores,
1001 560 1190 660 aliquando

211 683 313 778 'pulsr,
332 679 375 754 eb
391 679 436 753 ad
452 700 648 755 extremum
666 681 792 780 inopiae
809 685 948 772 venere,
965 701 1004 756 ut
1028 681 1187 756 infirmis·

210 806 312 876 simos
329 800 481 891 suorum,
500 826 585 875 mox
597 800 685 875 sorte
701 803 823 876 duetos
835 802 1048 876 vescerentur
1062 830 1070 874 :
1086 821 1190 900 atque

210 922 259 996 ita
284 921 509 996 circumvesti
532 921 757 1013 Britanniam,
786 923 910 996 amiffis
939 949 998 1021 per
1020 921 1190 996 inscitiam

101 1134 107 1147 ·
209 1041 357 1141 regendi
374 1041 535 1134 navibus,
554 1069 617 1140 pro
642 1042 862 1142 pradonibus
886 1043 1006 1134 babiti,
1033 1043 1188 1141 primitm
1292 1063 1297 1080 ’

212 1163 380 1253 aSuevis,
405 1155 529 1238 motta
552 1163 665 1238 Frisris
687 1163 867 1261 intercepti
888 1161 990 1237 sunt:
1020 1189 1060 1237 ac
1076 1161 1187 1254 fuere,

210 1309 299 1382 quos
327 1307 388 1381 per
412 1283 624 1360 commercia
649 1285 893 1375 venumdatos,
920 1283 1014 1358 &in
1038 1284 1189 1357 nostram

169 1420 171 1426 '
211 1403 320 1502 usque
336 1403 448 1502 ripam
464 1405 661 1480 mutatione
677 1399 868 1479 ementium
883 1404 1067 1494 adductos,
1096 1403 1189 1478 indi·

211 1523 308 1599 cium
334 1524 423 1598 tanti
445 1527 543 1600 castis
566 1524 769 1599 inlustravit.
817 1525 921 1599 Initio
945 1525 1068 1624 aestatis
1087 1524 1191 1622 Agri-

209 1647 302 1738 cola,
327 1645 521 1721 domestico
545 1647 691 1718 vulnere
714 1645 815 1736 ierus,
845 1666 937 1720 anno
959 1647 1041 1720 anti²
1066 1666 1190 1718 natum

208 1767 323 1840 filium
346 1765 469 1841 amifit.
519 1769 638 1864 Qrem
667 1764 785 1838 casum
813 1791 940 1864 neque,
970 1786 1009 1840 ut
1034 1766 1190 1864 plerique

209 1883 353 1962 fortium
383 1887 552 1976 virorum,
579 1883 779 1972 ambitiose,
807 1910 921 1982 neque
948 1911 1010 1983 per
1037 1888 1190 1959 lamenta

208 2006 321 2080 rursus
344 2031 385 2080 ac
403 2029 587 2078 maerorem
603 2002 823 2077 muliebriter
844 2003 946 2079 tulit:
975 2009 1009 2078 ὅτ
1033 2005 1071 2078 in
1092 2007 1188 2079 lustu

209 2126 343 2200 bellum
361 2123 448 2197 inter
461 2121 616 2198 remedia
632 2143 718 2197 erat.

259 2246 399 2322 XXIX.
417 2247 567 2340 lortun
598 2243 770 2346 praemisslr
787 2244 901 2338 classe,
931 2269 1010 2342 quae
1035 2245 1190 2341 pluribus
1228 2335 1232 2360 Ι

156 2385 159 2400 ·
210 2365 299 2440 locis
316 2365 482 2463 praedata,
512 2389 683 2464 magnum
709 2361 742 2438 a
765 2365 934 2438 incertum
951 2387 1114 2439 terrorem
1136 2365 1188 2446 fa·

208 2505 314 2580 ceret,
336 2484 502 2583 expedito
518 2475 685 2577 exercitu,
714 2485 770 2562 cui
795 2511 840 2560 ex
863 2485 1031 2559 britannis
1056 2484 1189 2560 fortiffi·

211 2633 301 2699 mos,
321 2611 355 2681 ὅτ
374 2608 483 2706 longa
500 2631 586 2704 pace
602 2609 801 2704 exploratos
817 2605 1010 2697 addiderat,
1029 2607 1073 2680 ad
1087 2599 1189 2682 mon·
1264 2623 1266 2628 '

210 2747 284 2802 tem
308 2727 518 2825 Grampium
546 2727 701 2825 pervenit
729 2753 835 2824 quern
860 2721 937 2825 jam
963 2713 1076 2800 hostes
1103 2725 1189 2800 inse-

209 2851 344 2924 derant.
392 2850 489 2922 Nam
505 2847 672 2938 Britanni,
704 2847 790 2920 nihil
807 2846 903 2921 stadii
921 2874 1050 2945 pugnae
1067 2847 1190 2945 prioris
1222 2865 1231 2889 ⁸

210 2989 353 3061 eventu,
387 2972 421 3042 a
442 2963 621 3042 ‘ultionem
648 2987 707 3042 aut
739 2967 915 3042 servitium
942 2949 1190 3066 exspeeidntes,

211 3091 425 3187 tandemque
450 3087 979 3188 doeti‚communepericu1um
1003 3090 1191 3164 concordia
1299 3191 1302 3200 ,

95 3285 98 3304 ι
211 3208 497 3308 propulsandum,
517 3210 747 3307 legationibus
771 3206 1014 3283 &foederibus
1030 3209 1191 3284 omnium

211 3328 392 3406 civitatum
406 3329 495 3403 vires
511 3329 722 3407 exciverant.
742 3391 748 3404 .
772 3333 923 3428 Jamque
933 3327 1031 3426 super
1047 3329 1190 3428 triginta

211 3447 321 3523 millia
345 3469 557 3524 armatorum
580 3435 846 3548 aspiciebantut,
872 3455 904 3524 δι
927 3450 1042 3524 adhuc
1058 3452 1190 3525 adflue-

210 3573 271 3646 bat
287 3571 402 3646 omnis
413 3568 594 3667 juventus,
623 3575 656 3645 a
676 3571 802 3669 quibus
820 3573 929 3664 enada
945 3598 985 3645 ac
1002 3571 1122 3646 viridis
1139 3571 1188 3645 se-

210 3694 343 3782 nectus,
363 3692 446 3766 clari
457 3693 563 3782 bello,
580 3717 620 3766 ac
632 3690 691 3766 sua
702 3690 847 3789 quisque
859 3693 984 3770 decora
1001 3693 1187 3790 gestantes:

211 3811 295 3888 clun
316 3811 406 3889 inter
422 3813 539 3912 plures
556 3813 662 3890 duces
677 3811 803 3888 virtute
821 3817 854 3886 δι
871 3837 997 3914 genere
1014 3809 1188 3910 praestana,
1289 3915 1293 3928 k

639 3934 718 4009 Za
