3120 4860
397 351 466 446 258
602 341 1191 448 c.Conurn11.Trqtrr
1238 309 1244 326 κ

368 602 375 619 Ι
395 524 542 623 ignibus
558 516 705 596 donatus
719 551 730 608 3
760 548 801 595 ac
831 547 942 620 nuper
959 523 1099 597 crimine
1116 501 1372 620 conjurationis

392 645 428 716 in
443 641 634 714 Sardiniam
651 645 806 734 exaduS,
825 663 966 741 accepto
976 643 1072 742 juffae
1087 644 1373 750 mortis3nuntiq,

391 762 495 844 semet
520 762 702 836 interfecit.
753 767 867 854 Mela,
886 764 1012 862 quibus
1028 765 1142 838 Gallio
1171 769 1205 838 dr
1233 767 1373 838 Seneca

391 883 590 980 parentibus
619 904 730 973 natus,
757 885 921 982 petitione
949 887 1123 958 honorum
1138 884 1368 973 abstinuerat,

349 1025 352 1044 ·
390 1027 453 1102 per
470 1004 697 1078 ambitionem
715 1005 971 1102 praeposteram,
996 1026 1035 1078 ut
1060 1031 1165 1103 eques
1183 1009 1369 1080 Romanus

390 1124 625 1208 consulatibus
638 1126 790 1224 potentia
801 1145 1008 1224 aequaretur:
1029 1127 1129 1200 srmul
1142 1125 1365 1222 adquirendae

390 1250 547 1344 pecuniae
576 1248 714 1320 brevius
735 1247 797 1320 iter
821 1248 997 1336 credebat,
1023 1273 1087 1344 per,
1109 1244 1367 1344 procurationes

390 1367 667 1442 administrandis
683 1367 853 1465 Principis
870 1366 1026 1464 negotiis.
1069 1369 1170 1440 Idem
1187 1371 1365 1440 Annaeum

389 1490 579 1560 Lucanum
602 1507 777 1586 genuerat,
804 1488 934 1584 grande
958 1485 1199 1582 adjumentum
1226 1487 1362 1562 claritu-

390 1607 505 1678 dinis:
541 1633 612 1704 quo
629 1605 819 1694 interfecto,
838 1608 926 1679 dum
954 1633 1029 1680 rem
1059 1605 1263 1680 familiarem
1293 1603 1367 1703 ejus

389 1727 510 1798 acriter
526 1725 680 1819 requirit,
706 1725 935 1798 accusatorem
953 1725 1105 1798 concivit
1122 1725 1278 1798 Fabium'
1289 1730 1366 1800 Ro·

389 1870 549 1933 manurn,
579 1867 623 1916 ex
634 1844 770 1917 intimis
787 1844 924 1919 Lucani
940 1842 1069 1918 amicis.
1094 1843 1097 1850 ’
1122 1851 1149 1886 “
1162 1843 1282 1919 Mixta
1309 1845 1366 1918 in·

390 1975 418 2010 “
436 1987 489 2038 ter
505 1985 639 2062 patrem
656 1963 839 2062 filiumque
856 1963 1096 2063 conjurationis
1113 1963 1271 2038 scientia'’
1295 1967 1366 2040 fin-

390 2089 484 2188 gitur
516 2085 725 2160 adfimulatis
758 2086 896 2163 Lucani
922 2085 1045 2159 literis:
1081 2112 1167 2184 quas
1199 2084 1367 2183 inspectas

387 2211 486 2283 Nero
516 2205 636 2280 “ferri
653 2207 698 2278 ad
715 2210 818 2280 eum”
836 2205 943 2304 juffit,
973 2206 1098 2304 opibus
1121 2205 1192 2305 ejus
1219 2206 1366 2282 inhians.

390 2335 442 2403 At
459 2329 570 2417 Mela,
590 2354 666 2424 quae
685 2347 760 2400 turn
778 2327 1028 2426 promptillima
1056 2329 1179 2402 mortis
1209 2329 1279 2420 via,
1302 2355 1367 2410 ex-

390 2448 490 2522 solvit
512 2447 638 2520 venas:
671 2445 800 2544 scriptis
827 2447 1008 2537 codicillis,
1038 2448 1167 2546 quibus
1196 2451 1368 2548 grandem

390 2569 575 2668 pecuniam
592 2569 627 2640 in
645 2549 878 2666 Tigellinum,
897 2592 1139 2666 generumque
1155 2567 1223 2666 ejus
1241 2569 1366 2642 Collu-

387 2691 519 2764 tianum
546 2688 756 2786 Capitonem
785 2691 966 2786 erogabat,
999 2686 1071 2785 qub
1100 2707 1211 2762 cetera
1240 2712 1365 2760 mane-

388 2832 474 2885 rent.
526 2809 680 2885 Additur
696 2808 878 2898 codicillis,
904 2829 1084 2907 tamquam
1115 2811 1159 2882 de
1185 2806 1365 2906 iniquitate

388 2931 483 3010 exitii
518 2956 663 3029 querens
695 2930 740 3002 ita
766 2927 944 3026 scripfiilet
987 2937 1015 2971 “
1033 2928 1065 3003 se
1098 2929 1242 3027 quidem
1274 2927 1365 3000 mori

280 3107 284 3110 -
390 3061 418 3098 “
437 3053 540 3126 nullis
573 3033 730 3148 supplicii
761 3053 880 3140 causrs,
909 3053 1058 3125 Rullum
1091 3070 1207 3124 autern
1235 3047 1361 3146 Crispi·

389 3181 520 3244 “num
550 3177 583 3244 ὅτ
617 3169 785 3244 Anicium
811 3169 981 3244 Cerialem
1007 3169 1078 3242 vital
1106 3169 1186 3261 frui,
1215 3163 1362 3244 infensos
1466 3149 1471 3158 .

289 3354 292 3398 3
388 3300 415 3337 “
432 3291 640 3388 Principi:''
680 3317 779 3388 quae-
800 3295 990 3388 compofita
1032 3272 1273 3380 credebantur,
1317 3290 1363 3363 de

385 3411 557 3509 Crispin0,
592 3411 673 3508 quia
704 3409 900 3484 interfectus
934 3432 1020 3501 erat,
1062 3412 1107 3484 de
1143 3411 1289 3500 Ceriale,
1322 3431 1363 3484 ut

384 3534 648 3608 interficeretur.
693 3533 821 3628 Neque
839 3537 932 3606 enim
957 3531 1048 3632 post.
1062 3531 1175 3624 multi>
1201 3532 1274 3604 vim
1300 3532 1363 3605 fibi

385 3652 512 3741 attulit,
536 3653 670 3726 minore
689 3653 797 3750 quam
814 3652 919 3726 ceteri
936 3651 1161 3742 miseratione,
1181 3652 1263 3749 quia
1280 3677 1362 3748 pro-

383 3777 493 3852 ditam
509 3775 550 3847 C.
568 3772 691 3848 Caesari
709 3771 978 3874 conjurationem
994 3775 1038 3848 ab
1056 3799 1097 3848 eo
1113 3772 1357 3847 meminerant.
