3120 4860
334 403 409 471 204
549 377 591 448 C.
624 376 893 482 Counaatt
922 375 1120 456 Tactr't

252 612 253 624 ,
333 561 364 636 ‘.‘
378 555 445 628 rius
467 554 527 631 est„
579 557 677 653 Ergo
700 555 865 630 adversbs
887 581 1018 630 novam
1041 551 1315 653 provincialium
1378 628 1389 638 ,

327 673 567 770 “superbiam
584 675 734 773 dignum
763 678 834 750 fide
856 677 1114 775 constantiique
1143 676 1313 750 Romana

330 794 556 892 “capiamus
578 796 777 888 consilium,
805 824 877 895 quo
905 800 1022 870 tutelae
1046 795 1220 873 sociorum
1241 794 1308 868 ni-

328 921 356 958 “
374 915 426 988 hil
458 917 670 1025 derogetur,
698 917 818 992 nobis.
835 917 955 1016 opinio
993 918 1154 1008 decedat,
1197 916 1309 1016 qualis
1357 1005 1363 1010 ,

328 1043 356 1080 “
374 1037 519 1136 quisque
549 1040 731 1130 habeatur,
759 1037 842 1112 alibi
865 1019 1036 1136 quani‘in
1061 1017 1201 1112 civium'
1211 1035 1322 1135 judi·'

327 1152 431 1232 “cio
457 1161 561 1232 eise.”
586 1149 590 1156 ¹
1146 1240 1157 1259 ,

374 1281 480 1354 XXI.
507 1284 661 1356 “Oauu
692 1281 839 1380 quidem
856 1307 927 1354 non
944 1281 1053 1354 modo
1081 1298 1220 1378 praetor,
1249 1278 1322 1352 aut'

326 1405 358 1442 “
374 1401 507 1492 consul,
525 1401 583 1476 sed
602 1402 726 1500 priuati
741 1403 846 1476 etiam
863 1402 1105 1491 mittebantur,
1127 1400 1195 1499 “qui
1224 1415 1306 1498 pro-

326 1528 356 1564 “
374 1521 507 1596 vincias
538 1523 699 1611 viserent,
726 1528 760 1596 δε
791 1521 878 1618 quid
895 1523 940 1594 de
957 1519 1121 1618 cujusque
1137 1519 1307 1616 obsequio

327 1648 356 1684 ‘⁴
374 1641 561 1730 videretur,
580 1640 765 1714 referrent:
793 1625 1087 1738 trepidabantque
1116 1661 1236 1739 gentes
1261 1643 1310 1714 de

268 1821 274 1828 .
326 1760 625 1833 “existimatione
653 1755 878 1857 singulorum.
944 1765 996 1832 At
1028 1787 1123 1834 nunc
1157 1759 1308 1834 colimus

325 1887 353 1924 “
371 1902 545 1980 externos,
565 1885 597 1954 δι
616 1881 823 1967 adulantum
852 1882 1086 1978 &quomodo
1111 1881 1157 1953 ad
1178 1898 1308 1954 nutum

326 2007 354 2044 “
372 1998 518 2100 alicujus
536 2021 661 2099 grates,
680 1999 727 2072 ita
744 1999 939 2098 promptius
955 2000 1125 2076 accusatio
1149 1999 1307 2074 decerni-

321 2127 351 2164 “
369 2139 436 2194 tur.
486 2123 788 2218 Decernaturque,
808 2127 842 2196 ὅτ
856 2109 997 2196 'maneat
1015 2118 1302 2220 provincialibus,

324 2250 353 2286 “
371 2243 568 2340 potentiam
584 2242 679 2344 suarn
697 2241 758 2316 tali
775 2244 884 2316 modo
902 2242 1121 2316 ostentandi:
1150 2242 1206 2317 sed
1233 2245 1307 2318 laus

228 2372 232 2381 ’
325 2371 353 2406 “
371 2361 452 2438 falsa
471 2369 505 2438 δι
522 2361 681 2461 precibus
698 2365 865 2460 expreffa,
896 2363 1041 2461 perinde
1059 2365 1301 2456 cohibeantur,

324 2493 354 2530 “
371 2487 478 2584 quarn
504 2483 647 2574 malitia,
678 2484 786 2582 quarn
822 2485 1018 2559 crudelitas.
1085 2488 1191 2560 Plura
1217 2486 1306 2584 saepe

324 2613 352 2652 “
370 2603 574 2704 peccantur,
592 2585 680 2678 dum
697 2606 931 2696 demerentur,
960 2605 1068 2702 quam
1086 2606 1173 2681 dum
1191 2608 1303 2678 offen·

323 2732 354 2772 “
370 2728 500 2800 dimus.
549 2725 727 2822 Qiaedam
743 2725 855 2800 immo
872 2726 1016 2802 virtutes
1033 2726 1116 2800 odio
1132 2726 1223 2816 sunt,
1252 2725 1304 2798 se-

324 2846 498 2920 “veritas
522 2843 702 2936 obstinata,
739 2845 887 2922 invidus
930 2839 1113 2922 adversim]
1156 2847 1303 2946 gratiam

323 2973 353 3010 “
369 2965 517 3043 animus.
566 2967 654 3038 Inde
681 2965 779 3040 initia
807 2967 1074 3075 magistratuum
1103 2969 1302 3042 nostrorum
1324 3001 1326 3006 ’

242 3129 246 3133 ·
322 3093 352 3130 “
371 3087 513 3160 meliora
528 3083 652 3178 ferme,
672 3091 705 3159 ὅτ
723 3088 801 3162 finis
817 3089 974 3181 inclinat,
988 3091 1090 3178 dum,
1103 3089 1140 3162 in
1152 3090 1301 3163 modum

322 3213 353 3250 “
370 3207 652 3298 candidatorum,
676 3207 838 3306 suffragia
870 3209 1135 3308 conquirimus:
1174 3239 1253 3310 quae
1277 3214 1301 3284 fi

323 3333 352 3370 ‘⁶
369 3317 564 3418 arceantur,
579 3323 748 3426 aequaliits
765 3350 870 3428 atque
887 3332 1096 3416 constantius
1113 3330 1301 3429 provincia

321 3454 351 3492 “
369 3467 555 3552 regentur:
583 3476 666 3528 narn
683 3469 836 3524 ut=metu
861 3439 1132 3550 repetundarum
1155 3449 1320 3528 infrada‘

321 3576 350 3650 ‘,‘
367 3568 512 3643 avaritia
527 3569 591 3660 est,
618 3569 678 3658 ita,
705 3570 811 3647 vetiti
830 3572 1021 3674 gratiarum
1042 3573 1189 3662 actione,
1212 3581 1297 3645 ‘am-

321 3696 350 3736 “
366 3689 452 3766 bitio
477 3690 698 3766 cohibetur.'’
1289 3709 1292 3716 ’
