3006 4866
396 339 977 478 Annamunttnxil.
1102 403 1172 496 269

204 578 340 682 flagitiis
355 586 642 673 commaculatos,
661 588 705 658 fic
722 581 831 680 specie
853 583 1023 655 bonarum
1047 580 1176 654 artium·

203 701 316 794 salsos,
342 708 375 778 ba
402 691 564 778 amiciriae
588 703 735 778 fallaces.

251 827 426 899 XXXIII.
452 827 555 898 Ioum
572 844 690 898 tamen
705 819 778 896 dies
797 823 1029 898 &honestum
1054 847 1173 896 exent-

203 945 302 1041 plum
328 945 406 1018 tulit
432 941 533 1018 Cassri
561 941 811 1041 Asclepiodoti,
847 944 908 1042 qui
931 943 1174 1042 magnitudine

202 1089 314 1162 opum
347 1065 540 1162 praecipuus
573 1065 662 1137 inter
693 1065 872 1161 Bithynos,
908 1089 979 1161 quo
1008 1063 1176 1161 obsequio

203 1187 388 1259 florentem
417 1184 588 1258 Soranum
616 1182 859 1274 celebraverat,
894 1186 1067 1258 labantem
1104 1207 1178 1258 non

203 1303 361 1378 deseruit.
414 1305 617 1404 Exutusque
633 1306 793 1378 omnibus
811 1305 970 1395 fortunis,
997 1311 1030 1378 tc
1059 1305 1094 1377 in
1111 1331 1173 1380 ex·

206 1424 319 1500 filiurn
336 1428 453 1513 actum
480 1427 639 1524 aequitate
656 1427 763 1498 decim
794 1451 877 1524 erga
906 1427 998 1498 bona
1016 1427 1178 1523 malaque
1261 1517 1262 1524 ἵ

204 1546 425 1620 documenta.
463 1549 636 1638 Thraseae,
655 1549 868 1643 Soranoque,
895 1550 929 1619 δι
947 1546 1098 1620 Serviliae
1113 1547 1177 1619 da·

204 1683 258 1739 tur
274 1668 392 1740 mortis
418 1668 606 1744 arbitrium.
634 1756 639 1767 Ι
656 1667 844 1740 Helvidius
862 1672 895 1739 δι
913 1666 1085 1739 Paconius
1107 1668 1175 1740 Ita-

202 1788 246 1861 lia
273 1790 504 1884 depelluntur.
566 1789 759 1860 Montanus
789 1786 879 1883 patri
907 1790 1084 1865 concessus
1112 1789 1175 1881 est,

201 1908 366 2004 ptaedisto
392 1934 435 1981 ne
461 1908 496 1980 in
513 1909 690 2004 republica
708 1909 902 1980 haberetur.
953 1907 1173 1982 Accusatori·

200 2030 266 2101 bus
296 2027 407 2123 Eprio
435 2025 697 2099 &Cossutiano
725 2025 954 2125 quinquagies
984 2025 1175 2101 sestertium

202 2148 356 2248 singulis,
375 2145 514 2219 Ostorio
531 2144 731 2234 duodecies,
759 2147 792 2214 ἃ
822 2143 1001 2239 quaestoria
1032 2145 1178 2244 infignia

200 2269 410 2342 tribuuntur.

210 2423 217 2438 =
250 2373 422 2460 XXXIV.
446 2387 543 2458 Tun
561 2387 605 2458 ad
621 2385 824 2475 Thraseam,
839 2383 874 2456 in
891 2383 997 2458 hortis
1013 2404 1177 2487 agentern

202 2508 352 2604 quaestor
379 2506 527 2580 consulis
555 2505 687 2596 missus,
718 2502 969 2601 vesperascente
997 2506 1073 2604 jam
1106 2510 1177 2584 die.

203 2628 401 2702 Inlustrium
442 2627 596 2701 virorum
636 2625 913 2725 feminarumque
954 2648 1067 2702 coetus
1107 2629 1175 2705 sre-

205 2769 349 2846 quentes
366 2768 493 2847 egerat,
523 2747 678 2820 maxime
706 2747 857 2820 intentus
885 2746 1079 2839 Demetri0,
1104 2752 1175 2848 Cy-

203 2870 289 2942 nicae
318 2867 537 2943 institutionis
563 2868 722 2942 doctori:
749 2893 831 2941 cum
861 2893 945 2966 quO,
973 2888 1011 2942 ut
1039 2869 1176 2968 conjecn

204 3009 276 3063 tare
293 3011 365 3063 erat
382 2989 573 3063 intentione
590 2991 720 3080 vultus,
740 2995 773 3062 δι
792 2988 924 3079 auditu,
953 2993 977 3061 fi
1010 3015 1079 3086 qua
1108 2993 1176 3067 cla-

205 3111 276 3183 ritis
293 3112 603 3208 proloquebantur,
617 3112 661 3182 de
678 3111 795 3183 natura
811 3111 949 3200 animae,
969 3115 1002 3184 δε
1019 3111 1176 3188 diss'ocia·

169 3260 172 3278 .
204 3231 298 3304 tione
324 3229 461 3328 spiritirs
485 3230 703 3328 corporisque
731 3230 950 3329 inquirebat:
979 3233 1091 3306 donec
1113 3236 1174 3308 ad-

204 3353 299 3426 venit
316 3350 495 3426 Domitius
512 3351 733 3440 Caecilianus,
758 3377 802 3423 ex
821 3350 949 3424 intimis
977 3353 1110 3444 amicis,
1141 3361 1175 3430 bt

131 3464 136 3473 “
202 3473 248 3562 ei,
279 3472 365 3570 quid
389 3470 521 3544 senatus
549 3471 738 3561 censuisset,
764 3471 933 3568 exposuit.
960 3474 1070 3570 Igitur
1089 3479 1175 3550 flen-

203 3614 254 3668 tes
285 3592 571 3690 queritantesque,
601 3593 662 3691 qui
684 3594 839 3682 aderant,
866 3591 1065 3668 “facessere
1094 3624 1173 3694 pro-

205 3722 232 3755 “
252 3715 355 3810 pere’'
380 3711 542 3804 Thrasea,
570 3719 679 3785 “neu
696 3713 847 3810 pericula
862 3713 919 3786 sua
937 3714 1076 3788 miscere
1093 3744 1178 3794 curn

207 3831 337 3908 “sorte
363 3834 542 3910 damnati''
578 3836 742 3908 hortatur.
806 3833 1015 3933 Arriamque
1039 3855 1174 3908 tentans
