3076 4868
428 386 740 460 Aramum
774 386 976 462 LrnXI.
1178 413 1218 486 3¹

245 555 384 632 tionem
407 560 519 634 evisla
546 581 619 634 erat
632 590 643 648 3
676 560 911 660 suadebatque
941 567 968 604 “
982 585 1028 634 ne
1058 563 1231 658 perculso·

253 685 281 720 “
298 689 372 754 rem
389 683 626 779 opperiretur:
656 683 805 756 tranfilse
827 681 951 772 vitam,
982 707 1097 780 neque
1120 681 1231 770 aliud,

253 803 280 841 “
299 801 408 898 quam
437 803 555 892 morti,
579 805 685 877 decus
709 803 976 900 quaerendum.”
1026 803 1093 874 Sed
1115 801 1233 874 animo

250 945 312 1017 per
323 921 487 996 libidines
505 943 683 1020 corrupto,
714 922 800 994 nihil
824 922 1005 996 honestum
1022 921 1154 998 inerat:
1183 924 1231 996 la-

249 1041 437 1141 crimaeque
462 1049 495 1122 &
522 1045 661 1142 questus
679 1043 773 1114 inriti
789 1044 1030 1130 ducebantut;
1053 1045 1137 1118 citm
1165 1043 1231 1116 im-

248 1182 332 1259 petu
348 1164 563 1238 venientium
581 1162 685 1260 pulsae
704 1161 805 1252 sores,
834 1163 963 1236 adstitit
989 1164 1146 1239 tribunus
1170 1189 1232 1262 per

250 1283 438 1373 mentium,
465 1309 506 1356 ac
529 1283 670 1356 libertus
695 1282 876 1380 increpans
901 1283 1018 1356 multis
1035 1311 1075 1359 ac
1103 1285 1229 1358 servili·
1284 1335 1288 1344 ·

151 1390 156 1406 ’
253 1402 320 1474 bus
333 1401 476 1498 probris.

302 1525 513 1596 XXXVIII.
539 1524 654 1597 Tunc
683 1524 838 1620 primum
863 1522 1041 1598 fortunam
1059 1523 1154 1599 suam
1177 1525 1228 1600 in-

249 1640 427 1740 trospexit,
451 1640 650 1742 sermmqne
667 1644 813 1742 accepit,
845 1646 943 1744 quod
965 1643 1086 1718 frustra
1101 1643 1230 1744 jugulo

247 1789 287 1836 ac
304 1762 434 1860 pectori
458 1789 520 1860 per
542 1763 806 1862 trepidationem
830 1766 1037 1858 admovens,
1067 1765 1140 1840 istu
1167 1768 1228 1842 tri-

246 1883 331 1958 buni
347 1885 585 1984 transfigitur:
607 1912 731 1984 corpus
748 1887 848 1960 matri
863 1889 1073 1961 concessum.
1123 1891 1228 1964 Nun·

247 2003 444 2104 tiatumqu'e
478 2006 627 2079 Claudio
660 2007 815 2104 epulanti
856 2014 882 2050 “
919 2007 1038 2104 perisse
1071 2009 1227 2082 Messali-

250 2132 278 2167 “
297 2129 417 2216 nam,''
453 2153 525 2201 non
552 2126 727 2215 distincto,
757 2125 828 2215 sual,
863 2115 907 2198 an
935 2127 1058 2216 aliens,
1095 2155 1226 2202 manu:

247 2272 312 2320 nec
346 2247 405 2348 ille
439 2245 620 2344 quaefivit3
647 2243 874 2343 poposcitque
902 2248 1084 2354 poculum,
1115 2251 1147 2319 δι
1176 2249 1228 2322 so·
1295 2322 1298 2326 .

248 2366 310 2438 lita
332 2367 498 2440 convivio
527 2365 725 2440 celebravit.
775 2367 834 2438 Ne
850 2364 972 2442 secutis
995 2365 1140 2464 quidem
1154 2360 1228 2441 die-

250 2488 329 2576 bus,
360 2485 446 2577 odii,
484 2487 616 2586 gaudii,
654 2486 726 2576 irae,
753 2486 911 2577 tristitiae,
942 2487 1047 2561 ullius
1075 2488 1229 2586 denique

247 2607 392 2682 humani
416 2607 558 2680 alfenus
591 2610 686 2706 signa
710 2607 828 2694 dedit;
861 2635 932 2682 non
957 2609 1041 2682 crim
1074 2611 1228 2684 laetantes

247 2721 457 2819 accusatores
486 2728 667 2826 aspiceret,
703 2754 775 2800 non
807 2729 891 2828 clim
919 2728 1009 2802 silios
1035 2752 1227 2806 maerentes.

248 2849 414 2946 Juvitque
438 2849 654 2922 oblivionem
676 2846 746 2946 ejus
769 2847 915 2938 senatuS,
934 2849 1104 2925 censendo
1122 2860 1149 2895 “
1163 2881 1227 2926 no-

251 2973 278 3008 “
297 2991 380 3038 men
412 2973 444 3039 &
477 2968 607 3066 effigies
634 2969 773 3066 priuatis
806 2997 846 3044 ac
876 2969 1025 3067 publicis
1056 2972 1140 3048 locis
1166 2977 1227 3050 de-

251 3094 279 3130 “
297 3088 488 3164 movendas
504 3092 538 3159 :”
567 3090 707 3161 decreta
735 3091 894 3165 Narcisso
924 3099 951 3134 “
970 3093 1154 3191 quaestoria
1174 3095 1227 3168 in·
1285 3167 1290 3174 .

250 3214 278 3251 “
297 3205 450 3306 fignia;''·
487 3207 692 3284 levisstmum
725 3207 849 3310 fastigii
890 3211 974 3312 ejus,
1009 3215 1091 3288 clam
1128 3215 1229 3314 supra

248 3329 492 3401 Pallantem&
510 3328 693 3402 Callistum
709 3355 836 3429 ageret.
887 3335 1048 3408 Honesta
1067 3336 1225 3432 quidem,

237 3447 304 3561 ¹secl
328 3476 373 3524 ex
396 3448 524 3550 quibus
539 3448 721 3525 deterrima
742 3452 926 3547 orirentur,
944 3455 1084 3529 tristitiis
1097 3455 1226 3530 multis.
1295 3547 1301 3564 ἱ
1361 3501 1363 3524 r
