3126 4864
453 354 762 448 Auunnuu
787 351 900 422 Lrn.
926 349 1027 422 XIII.
1176 372 1221 446 97

249 532 278 572 ‘⁴
292 529 471 602 haberet.''
520 533 678 628 Praeceps
697 531 772 628 post
786 533 862 606 haec
881 517 1091 628 Agrippina,
1125 549 1223 600 ruere

169 699 170 704 η
243 645 279 720 in
312 668 477 723 terrorem
512 656 554 724 δι’
576 650 700 740 minas,
734 677 846 749 neque
876 649 1046 747 Principis
1078 647 1219 720 auribus

129 845 132 858 ,
243 768 425 861 abstinere,
463 771 652 871 quominus
680 761 871 862 testaretur,
910 780 937 816 “
966 771 1127 844 adultum
1144 765 1221 864 jam

245 895 273 930 “
290 891 358 965 effe
385 891 638 981 Britannicum,
678 915 795 963 veram
823 892 1039 990 dignamque
1077 888 1220 984 stirpem

246 1014 274 1050 “
293 1008 508 1108 suscipiendo
523 1011 627 1108 patris
639 1011 798 1107 imperio,
813 1013 909 1107 quod
923 1012 1039 1084 insitus
1056 1016 1096 1082 ὅτ
1106 1009 1218 1105 adop·-

244 1135 272 1170 “
291 1129 399 1222 tivus,
423 1157 484 1227 per
510 1129 651 1226 injurias
679 1130 796 1203 matris
813 1151 996 1204 exerceret.
1045 1133 1133 1202 Non
1156 1131 1240 1202 ab«

241 1255 274 1296 ·“
292 1275 398 1321 nuere
410 1249 456 1339 se,
474 1251 562 1348 qu'in
578 1253 702 1360 cundia
719 1250 863 1323 infelicis
880 1252 1005 1322 domlrs
1035 1233 1125 1331 triala
1158 1277 1217 1346 pa·

243 1373 275 1417 ·“
294 1370 462 1459 tefierent,
490 1369 557 1443 suae
579 1370 614 1442 in
641 1371 760 1466 primis
778 1372 921 1468 nuptia,
937 1370 1037 1444 suum
1055 1371 1217 1442 venefici-

246 1493 276 1528 “
294 1515 367 1560 um.
416 1491 457 1570 Id
480 1488 591 1562 solum
608 1489 672 1561 diis
700 1495 731 1562 ἃ
759 1491 818 1564 fibi
837 1491 1027 1588 provisum,
1043 1488 1142 1593 qudd
1166 1489 1217 1561 vi-

176 1591 180 1614 '
239 1614 273 1672 ,“
292 1629 386 1700 verer
412 1609 604 1706 privignus:
663 1611 793 1682 lturam
822 1636 905 1683 cum
933 1611 994 1682 illo
1027 1609 1063 1680 in
1098 1609 1215 1682 castra.

243 1735 270 1772 “
290 1730 480 1802 Audiretur
508 1729 596 1802 -lrinc
632 1730 833 1804 Germanici
862 1731 945 1820 filia,
980 1729 1066 1823 inde
1095 1729 1218 1803 debilis

242 1855 270 1891 ‘⁴
288 1848 398 1923 rursus
424 1853 550 1926 Burrus
581 1857 614 1923 ὅτ
644 1850 738 1923 exsul
765 1852 906 1938 Seneca,
935 1852 1056 1922 trunca
1090 1848 1217 1924 scilicet

242 1975 271 2012 “
289 1983 407 2060 manu,
438 1976 471 2044 ὅτ
508 1970 707 2068 professoria
736 1969 870 2064 lingua,
907 1969 1040 2063 generis
1073 1969 1216 2042 humani

143 2073 151 2078 ⁸
243 2095 271 2132 “
288 2077 750 2188 regiinenexpostulantes.''
799 2087 909 2157 Simul
938 2086 1113 2158 intendere
1142 2115 1215 2162 ma·

240 2237 318 2300 nus,
341 2212 506 2308 adgerere
535 2210 684 2304 probra:
714 2213 741 2247 “
754 2203 990 2278 consecratum
1014 2206 1215 2302 Claudium,
1275 2303 1276 2306 Ἴ

242 2339 270 2387 ·“
289 2330 441 2402 infernos
464 2329 660 2402 Silanorum
688 2328 830 2400 manes’'
855 2325 1030 2416 invocare,
1061 2333 1087 2369 “
1110 2332 1144 2402 ὅ(
1168 2348 1220 2402 tot

244 2451 385 2524 “irrita
408 2449 598 2524 facinora.''

241 2617 244 2626 ι
289 2573 370 2645 XV.
395 2572 613 2644 Tunnnrus
639 2571 690 2644 his
720 2573 829 2659 Nero,
855 2573 888 2641 &
915 2567 1118 2667 propinquo
1142 2571 1214 2661 die,

240 2719 312 2790 quo
339 2692 679 2790 quartumdecimum
708 2686 817 2765 aetatia
844 2717 977 2764 annum
1001 2691 1216 2766 Britannicus

239 2813 417 2906 explebat,
432 2815 589 2885 volutare
605 2809 735 2901 secum,
750 2811 859 2884 modo
872 2810 988 2882 matris
1000 2805 1215 2905 violentiam,

241 2931 351 3006 modd
366 2931 467 3027 ipfius
484 2931 654 3022 indolem,
672 2952 710 3004 ut
732 2931 876 3028 quidem
894 2931 1130 3027 experimento
1151 2961 1215 3011 nu-

241 3077 303 3148 per
320 3051 514 3148 cognitam,
533 3077 604 3147 quo
616 3071 734 3123 tamen
750 3049 905 3123 favorem
921 3051 987 3128 lat&
1002 3053 1215 3148 quaefiviss'et.

240 3175 270 3245 F
271 3171 346 3244 estis
364 3174 508 3244 Saturno
524 3171 751 3244 diebusinter
767 3172 832 3244 alia
849 3172 1037 3268 aequalium
1068 3173 1213 3264 ludicra,
1314 3255 1319 3268 ,

240 3319 389 3391 regnum
413 3291 487 3366 lusu
504 3290 731 3381 sortientium,
748 3312 905 3366 evenerat
923 3319 962 3366 ea
977 3293 1046 3372 sors
1068 3294 1213 3366 Neroni.

240 3413 352 3511 Igitur
368 3411 488 3487 ceteris
505 3409 651 3501 diversa,
680 3439 744 3486 nec
762 3415 926 3487 ruborem
945 3414 1122 3486 adlatura:
1152 3413 1215 3486 ubi

239 3533 433 3606 Britannico
460 3529 568 3630 juffit,
612 3538 638 3574 “
653 3515 863 3631 exsurgeret,
889 3531 1149 3630 progreffusque
1178 3533 1214 3605 in

242 3661 269 3717 ἕ(
288 3654 444 3726 medium
472 3665 616 3726 cantum
643 3652 795 3750 aliquem
827 3652 1031 3750 inciperet‚”
1072 3651 1214 3726 inrisum

240 3797 356 3848 exeo
390 3761 526 3872 sperans
555 3773 664 3871 pueri,
701 3771 831 3846 sobrios
860 3797 1003 3872 quoque
1020 3771 1214 3862 convietus,
