3126 4864
347 405 413 460 ιη
565 377 607 452 C.
633 363 1141 452 Communem

340 555 452 642 batur,
471 551 782 651 eximebanturque
799 551 906 626 etiam
923 553 1002 649 quae
1018 551 1220 626 testamento
1236 576 1315 627 ma-

341 673 415 762 tris,
430 693 488 746 aut
504 673 589 746 aviae
605 675 828 770 acceperant)
855 672 892 746 in
922 671 1047 746 insulas
1063 674 1217 746 Baleares
1242 675 1316 776 pel·

340 777 442 865 litui:
474 817 544 866 non
573 793 609 866 in
639 793 712 892 ipso
741 791 954 884 discrimine,
985 793 1152 890 nonpost
1170 795 1314 872 damna·

338 913 470 988 tionem
496 913 621 990 fredus
648 915 778 990 animo.
833 917 1092 1012 Ferebaturque
1120 913 1314 1012 copiosa&

339 1035 439 1110 molli
455 1035 528 1110 vita
544 1036 711 1111 secretum
730 1034 817 1110 illud
834 1035 1038 1111 toleraviffe.
1088 1033 1217 1108 Filium
1245 1032 1316 1132 ejus

327 1157 555 1232 »Nerulinurn
588 1159 748 1256 adgrellis
777 1155 1028 1232 accusatoribus
1061 1179 1121 1252 per
1145 1153 1316 1228 invidiam

340 1277 459 1373 patris,
492 1283 525 1352 δι
544 1278 689 1354 crimina
705 1279 989 1376 repetundarum,
1021 1277 1199 1350 interceffit
1215 1274 1316 1348 Prin·

222 1453 229 1481 ,
342 1423 440 1496 ceps,
466 1417 649 1498 tamquam
673 1399 748 1474 satis
774 1401 911 1496 expleta
938 1399 1080 1472 ultione.

389 1521 524 1594 XLIV.
566 1522 646 1592 Pan
674 1544 776 1592 ruant
804 1537 941 1615 tempus
959 1508 1138 1590 'octavius
1173 1517 1316 1615 Sagitta,

341 1639 457 1738 plebei
474 1639 647 1728 tribunus,
678 1638 825 1727 Pontiae,
859 1639 1012 1710 mulieris
1043 1659 1178 1734 nuptae,
1200 1663 1319 1712 amore

340 1781 474 1847 vecors,
505 1758 703 1856 ingentibus
733 1758 833 1830 donis
854 1757 1080 1846 adulterium,
1106 1763 1139 1830 δε
1165 1785 1262 1853 mox,
1280 1767 1320 1832 ut

342 1878 514 1952 omitteret
547 1879 726 1970 maritum,
757 1869 974 1964 emereatur3
1007 1875 1108 1950 suum
1138 1867 1320 1950 matrimo-

341 1999 443 2072 nium
473 1998 693 2096 promittens,
727 2025 767 2072 ac
797 1998 933 2096 nuptias
965 1996 1038 2096 ejus
1071 2001 1201 2096 pactus.
1251 1979 1321 2071 Sed

342 2120 406 2194 ubi
422 2119 548 2194 mulier
563 2145 680 2196 vacua
691 2118 770 2210 fuit,
795 2122 930 2194 neuere
943 2146 1071 2210 moras,
1102 2115 1322 2192 “adversam

345 2241 496 2340 “patris
524 2242 763 2318 voluntatem''
789 2237 933 2332 causari,
963 2241 1166 2338 repertaque
1187 2241 1244 2338 spe
1267 2239 1321 2313 di·

344 2361 439 2436 tioris
464 2360 640 2460 conjugis,
674 2363 839 2458 promiffa
867 2387 1005 2435 exuere.
1055 2362 1219 2436 octavius
1237 2387 1322 2435 con·

345 2485 397 2558 tra
414 2481 521 2556 modb
538 2481 720 2576 conqueri,
738 2478 846 2554 modo
863 2481 1027 2571 minitari,
1056 2481 1230 2556 “famam
1247 2507 1323 2578 per·

348 2611 377 2646 “
395 2603 518 2690 ditam,
553 2597 737 2696 pecuniam
765 2601 994 2674 exhaustam''
1023 2577 1222 2677 obtestans:
1258 2604 1322 2674 de-

345 2723 452 2820 nique
468 2719 627 2810 salutem,
646 2746 725 2818 quae
742 2721 812 2794 sola
828 2720 961 2818 reliqua
975 2723 1069 2811 effet,
1093 2719 1233 2794 arbitrio
1251 2718 1324 2818 ejus

345 2840 559 2939 permittens.
609 2845 666 2916 Ac
685 2842 867 2941 postquam
885 2841 1117 2940 spernebatur,
1143 2849 1171 2885 ‘⁶
1185 2845 1325 2918 noctem

348 2970 501 3036 “unam
533 2963 580 3036 ad
611 2963 796 3038 solatium’'
836 2960 957 3060 poscit,
997 2971 1024 3006 “
1042 2963 1111 3062 qud
1147 2963 1322 3054 delinitus,

348 3091 377 3126 “
394 3084 544 3156 modum
560 3082 596 3187 in
614 3083 789 3180 posterum
807 3084 1022 3158 adhiberet.’'
1057 3083 1222 3158 Statuitur
1239 3110 1323 3158 nox.

349 3204 397 3276 Et
430 3203 554 3278 Pontia
590 3204 734 3278 consciae
772 3205 907 3278 ancillae
943 3207 1135 3280 custodiam
1169 3202 1323 3279 cubiculi
1395 3194 1397 3203 ’

239 3361 240 3366 “
347 3325 503 3398 mandat.
553 3325 632 3415 Ille,
656 3350 727 3398 uno
744 3350 826 3399 cum
842 3325 979 3416 liberto,
1004 3326 1133 3400 ferrum
1149 3327 1241 3398 veste
1265 3351 1323 3398 oc·

346 3446 482 3520 cultum
499 3443 612 3518 infert.
662 3445 774 3536 Tum,
802 3465 842 3520 ut
862 3449 980 3520 affolet
997 3447 1034 3520 in
1051 3469 1168 3520 amore
1198 3449 1231 3514 ὅτ
1255 3443 1321 3536 ira,

341 3563 620 3663 jurgia,preces,
638 3549 873 3663 exprobratio,
890 3567 1084 3657 satisfacliO,
1112 3571 1145 3640 Sc
1169 3589 1250 3660 pars
1272 3584 1325 3638 te·

348 3688 534 3760 nebrarum
551 3685 862 3784 libidineseposrta.
882 3691 930 3769 Et
945 3688 1065 3789 questu
1081 3684 1250 3775 incensus,
1269 3685 1323 3756 ni·
1350 3773 1357 3784 ,

302 3795 306 3802 ⁵
347 3807 399 3886 hil
420 3827 634 3884 metuentem
646 3805 737 3884 ferro
747 3803 1058 3900 transverberat‚&
1082 3806 1325 3882 adcurrentem
