3126 4864
335 395 401 468 rud
537 389 1118 465 CConunatrTAcrrr

325 577 362 640 .“
380 569 514 658 merita,
545 571 709 668 tardeque
728 570 948 659 concederet,
979 571 1075 666 quod
1091 570 1212 642 datum
1230 590 1314 640 non·

332 695 359 730 “
376 689 618 762 adimeretur.''
649 689 769 763 '‘Haec
792 689 963 764 sententia
981 675 1098 763 valuit.
1148 689 1304 786 Scripsit-

329 833 398 904 quc
426 807 538 881 Caesar
565 808 707 900 senatui,
735 810 941 908 “privatim
968 813 1201 908 expenderent
1222 835 1303 882 cau-

329 936 356 970 “
376 926 448 1000 sam
472 928 691 1020 libertorum,
718 932 878 1028 quotiens
903 958 924 1002 a
943 931 1095 1028 patronis
1118 953 1300 1027 argueren-

329 1057 356 1090 “
376 1068 454 1121 tur:
487 1049 525 1120 in
566 1077 757 1124 commune
796 1051 883 1124 nihil
917 1053 1178 1150 derogarent.’'v
1224 1051 1303 1121 Nec

326 1169 439 1242 multi>
469 1169 557 1266 post,
593 1193 737 1268 ereptusx
757 1171 870 1244 amitae
894 1172 1035 1246 libertus
1066 1171 1175 1260 Paris,
1209 1173 1301 1266 quast

319 1289 398 1386 jure
414 1291 533 1377 civili;
565 1318 635 1364 non
653 1295 721 1364 fine
740 1291 881 1364 infamial
894 1293 1077 1390 Principis,
1104 1291 1200 1390 cujus
1210 1289 1302 1388 juffu

326 1431 558 1510 perpetratum
574 1412 793 1509 ingenuitatis
803 1411 977 1507 judicium
996 1433 1077 1485 erar.
1351 1495 1358 1514 ‚

375 1531 552 1605 XXVIII.
603 1535 814 1602 Mnununr
866 1533 1091 1610 nihilominus
1141 1533 1303 1628 quaedam

325 1654 445 1750 imago
465 1651 673 1747 reipublicae.
724 1651 820 1722 Nam
847 1650 935 1722 inter
952 1652 1147 1722 Vibullium
1175 1671 1301 1746 praeto-

325 1783 399 1844 te'm
428 1777 461 1844 ὅτ
489 1770 603 1868 plebei
633 1770 811 1842 tribunum
834 1770 1024 1844 Antistium
1052 1791 1169 1842 ortum
1192 1790 1301 1842 certa-

324 1917 421 1988 men,
447 1891 544 1988 qubd
562 1891 789 1963 immodestos
807 1889 954 1966 fautores
981 1892 1199 1980 histrionum,
1230 1894 1263 1962 δι
1282 1916 1303 1962 a

325 2035 467 2111 praetore
501 1995 544 2084 in*
570 2013 712 2085 vincula
750 2013 885 2103 ductos,
919 1990 1076 2120 tribunus
1118 2019 1145 2054 “
1164 1995 1302 2083 omittin

319 2133 487 2232 jussiffet:
519 2135 792 2229 comprobavere
810 2154 935 2231 patrea,
959 2132 1112 2206 incusata
1137 2134 1163 2174 “
1183 2127 1300 2204 Antis-

325 2261 355 2296 “
372 2253 410 2350 tii
444 2254 615 2327 licentia.”
682 2254 792 2326 Simul
826 2253 993 2350 prohibiti
1027 2252 1158 2326 tribuni
1195 2260 1222 2294 “
1242 2251 1300 2349 jus

326 2382 354 2418 “
373 2397 559 2473 praetorum
589 2381 622 2446 ὅτ
653 2373 834 2446 consulum
869 2374 1065 2470 praeripere,
1093 2394 1151 2447 aut
1179 2395 1302 2446 vocare

326 2506 353 2541 “
371 2524 416 2571 ex
434 2495 532 2568 Italia
550 2519 630 2564 curn
649 2493 775 2587 quibus
794 2495 871 2589 lege
888 2493 943 2588 agi
963 2496 1109 2588 poffet.’'
1151 2493 1302 2566 Addidit

323 2621 371 2692 L.
404 2615 494 2703 Piso,
529 2615 724 2710 defignatus
746 2610 877 2698 consul,
905 2614 1100 2709 “nequid
1124 2612 1214 2684 intra
1235 2615 1300 2684 do-

325 2746 354 2780 “
373 2761 472 2810 mum
491 2759 555 2829 pro
574 2732 738 2830 potestate
751 2733 1085 2806 animadverterent:
1104 2757 1193 2804 neve
1209 2735 1301 2804 mula

324 2866 351 2900 ‘⁶
370 2834 509 2928 tamon
521 2853 559 2926 iis
577 2845 721 2944 didam,
752 2854 945 2951 quaestores'
961 2851 1070 2926 aerarii
1090 2852 1126 2925 in
1143 2853 1302 2949 publicas

325 2985 353 3020 “
370 2977 516 3063 tabulas,
541 2995 620 3048 ante
636 2996 785 3072 quatuor
806 2971 950 3064 menseS,
970 2973 1157 3060 referrent;
1182 2975 1300 3047 medio

325 3095 535 3192 “temporis
564 3097 805 3169 contradicere
840 3096 974 3169 liceret:
1006 3097 1122 3194 deque
1148 3122 1191 3170 eo
1215 3123 1297 3170 con-

324 3223 352 3258 “
369 3215 456 3288 sules
473 3215 693 3288 statuerent.''
742 3217 906 3290 Cohibita
934 3217 1115 3290 arctius&
1144 3197 1299 3290 {edilium

323 3337 483 3436 potestas,
513 3335 747 3432 statutumque
775 3345 989 3434 “quantum
1015 3340 1163 3425 curules,
1188 3363 1298 3432 quan-
1387 3386 1393 3390 -

325 3465 352 3500 “
371 3477 449 3530 tum
467 3454 580 3552 plebei
602 3455 757 3551 pignoris
781 3479 957 3554 caperent,
986 3461 1043 3532 vel
1068 3483 1181 3555 poenae
1207 3455 1298 3528 inro-

324 3585 351 3621 “
372 3579 526 3674 garent.''
559 3575 613 3648 Et>
628 3576 817 3649 Helvidius
833 3577 979 3668 Priscus,
998 3579 1156 3651 tribunus
1173 3575 1297 3671 plebia,

321 3697 485 3774 adversus
513 3677 771 3770 Obultronium
793 3699 973 3788 Sabinum,
1017 3697 1124 3771 aerarii
1149 3699 1298 3794 quaesto-

323 3845 411 3909 rem,
432 3818 670 3924 contentiones
693 3817 846 3914 proprias
872 3818 1041 3908 exercuit,
1074 3827 1298 3918 “tamquam
