3076 4868
456 395 1005 510 Auunnrtianta.Xl.
1179 459 1221 509 21
1328 447 1333 452 “

245 611 274 648 “
291 605 469 680 Postremo
496 606 606 705 ipsam
634 610 680 682 ad
711 609 820 704 Alpe's
851 625 1063 705 promotam,
1093 621 1131 678 ut
1154 631 1227 678 non

202 795 210 806 ,
244 732 274 768 “
291 727 401 800 modo
427 728 551 827 finguli
580 728 725 819 viritim,
756 727 815 802 sed
841 749 941 801 terrae
965 723 1164 826 gentesque
1191 724 1229 798 in

243 853 273 894 ‘⁴
292 873 422 922 nomen
435 849 588 932 nostrum
605 847 840 923 coalescerent.
881 850 987 921 Tunc
1004 845 1113 920 solida
1128 845 1228 919 domi

243 974 273 1010 ‘⁴
292 968 405 1066 quies,
454 975 487 1044 δι
527 970 695 1046 adversus
729 991 872 1043 externa
904 968 1101 1060 floruimus,
1140 968 1238 1042 edm·

84 1095 89 1104 “
166 1141 174 1152 .
243 1089 531 1188 “Transpadani
564 1091 601 1163 in
626 1090 812 1200 'civitatem
845 1090 992 1188 recepti,
1029 1089 1112 1163 clun
1147 1087 1223 1186 spe·

242 1215 271 1252 ⁴⁴
290 1210 342 1284 cie
380 1211 608 1283 deduelarum
643 1237 704 1308 per
740 1213 864 1283 orbem
898 1231 994 1282 terra
1024 1210 1222 1310 legionum,

243 1337 271 1373 ‘⁴
291 1330 419 1402 additis
446 1329 712 1425 provincialium
729 1329 953 1417 validissimis,
979 1307 1064 1402 sesso
1079 1331 1225 1430 imperio

245 1455 273 1492 ‘⁴
290 1447 499 1523 subventum
512 1449 572 1521 est.
621 1451 721 1522 Num
738 1449 878 1546 paenitet
894 1450 1019 1522 Balbos
1033 1475 1077 1521 ex
1095 1449 1225 1548 Hispa-

193 1575 198 1580 ’
243 1573 272 1616 ‘⁴
289 1568 359 1658 nial,
385 1595 448 1642 nec
476 1568 591 1641 minbs
609 1568 756 1666 infignes
781 1567 875 1642 viros
900 1595 920 1642 e
945 1569 1060 1643 Gallia
1085 1573 1225 1645 Narbo·

156 1678 159 1682 ⁵
242 1697 270 1732 ⁴⁴
289 1692 382 1766 nensr
406 1689 615 1762 transrviffe?
657 1693 808 1764 Manent
835 1690 961 1789 posteri
994 1718 1130 1786 eorum,
1159 1721 1224 1770 nec
1272 1739 1277 1747 =

241 1817 270 1854 ⁴⁴
285 1835 405 1884 amore
421 1809 458 1882 in
475 1813 564 1884 hanc
587 1811 729 1908 patriam
748 1811 848 1885 nobis
866 1813 1074 1888 concedunt.
1125 1815 1224 1913 Qid

240 1926 280 2004 ⁴⁴.
287 1931 382 2002 aliud
394 1931 503 2004 exitio
512 1932 793 2005 Lacedaemoniis
808 1938 842 2007 dt
856 1934 1123 2009 Atheniensibus
1140 1934 1222 2028 fuit,

241 2058 269 2094 ⁴⁴
288 2077 506 2152 quamquam
523 2051 626 2126 armis
640 2053 827 2148 pollerent,
845 2052 905 2123 nifi
922 2053 1020 2149 qubd
1032 2055 1143 2129 vidos
1161 2085 1224 2154 pro

200 2181 204 2186 '
240 2172 488 2272 “alienigenis
517 2175 708 2246 arcebant?
761 2176 811 2243 At
828 2171 992 2244 conditor
1013 2159 1127 2247 noster
1145 2181 1223 2252 Ro.

239 2288 269 2336 ‘⁴
285 2295 402 2367 mulus
423 2293 563 2366 tantum
579 2289 745 2388 sapientia
759 2290 882 2381 valuit,
907 2311 946 2364 ut
963 2291 1144 2390 plerosque
1160 2323 1224 2393 po„
1276 2324 1283 2338 ·

240 2416 389 2510 “pulos
423 2414 549 2486 eodem
578 2412 636 2484 die
661 2401 790 2502 holleS,
819 2412 902 2486 dein
927 2412 1021 2486 cives
1049 2415 1224 2490 habuerit:

240 2541 270 2576 ‘⁴
286 2535 448 2608 Advenae
481 2533 518 2606 in
551 2560 615 2608 nos
648 2554 894 2632 regnaverunt.
930 2518 1222 2638 ‘Libertinorum

119 2665 121 2668 ’
238 2661 268 2698 “
284 2654 364 2728 filiis
396 2654 614 2755 magistratus
655 2654 825 2746 mandari,
865 2681 951 2746 non,
993 2677 1033 2730 ut
1065 2657 1225 2757 plerique

229 2781 266 2831 '⁴‘
282 2773 464 2868 falluntur,
493 2802 629 2876 repens,
655 2774 714 2848 sed
738 2775 843 2873 priori
868 2779 1002 2873 populo
1027 2776 1223 2855 fastitatum

239 2901 267 2938 ⁴⁴
286 2895 346 2966 est.
395 2901 446 2970 At
472 2923 556 2971 cum
582 2896 778 2970 Senonibus
802 2898 1063 2995 pugnavimus:
1094 2898 1223 2976 seilicet

240 3020 269 3064 ‘⁴
287 3009 468 3088 Volsci&
502 3017 628 3112 AEqui,
671 3043 865 3114 numquam
901 3017 1078 3094 adversam
1119 3023 1222 3098 nobis

239 3134 398 3208 “aciem
425 3133 606 3210 struxere?
658 3135 809 3236 Capria
836 3138 947 3211 Gallis
975 3138 1106 3215 sumusJ
1153 3146 1222 3220 Sed
1260 3133 1264 3141 ἴ

239 3264 267 3306 “
287 3259 321 3329 &
338 3254 462 3328 Tuscis
478 3257 611 3330 obfides
632 3259 807 3349 dedimus,
823 3264 857 3332 δι
875 3259 1081 3334 Samnitium
1089 3262 1222 3364 jugum
1322 3328 1331 3356 ,
1425 3305 1430 3315 ·

188 3403 191 3420 ·
237 3377 488 3452 “subivimus
539 3383 706 3452 Attamen
728 3382 895 3454 ficunda
911 3383 1002 3456 bella
1030 3385 1219 3477 recenseas,

237 3499 423 3572 “nullum
446 3496 605 3571 breviore
619 3497 739 3594 sp'atio,
767 3526 875 3598 quam
900 3502 1066 3576 adversus
1082 3506 1219 3628 Gallos,

238 3625 266 3660 ‘⁴
283 3616 492 3692 consectum
541 3613 716 3692 Continua
737 3620 818 3694 inde
840 3645 882 3694 ac
912 3623 983 3695 fida
1005 3649 1088 3720 pax.
1134 3598 1230 3722 Jam'

238 3745 266 3790 ⁴⁴
284 3739 454 3831 moribus,
495 3739 640 3828 artibus,
673 3740 910 3816 adfinitatibus
943 3742 1065 3816 nostris
1099 3746 1218 3837 mixti,

239 3865 405 3936 “aurum
423 3865 458 3935 ἃ
482 3885 566 3960 opes
590 3859 665 3934 suas
682 3858 830 3935 inserant
854 3861 981 3961 potibs,
1000 3889 1108 3961 quam
1124 3863 1218 3964 sepa

686 3980 774 4086 Ca
