3076 4868
447 373 745 445 Anaaaturu
787 369 896 442 Lra.
939 369 1004 444 XI.
1092 391 1094 402 ·
1169 393 1210 467 13

233 544 413 619 “Linum
428 541 656 634 Thebanum,
678 549 711 618 δι
728 533 948 642 temporibus
968 539 1129 642 Trojanis
1144 543 1214 615 Pa-

207 751 211 758 ,
232 674 261 711 “
278 665 666 764 lamedemArgivum''
678 684 888 755 memorant,
909 672 936 706 “
950 663 1122 737 sexdecim
1136 662 1213 735 lite·
1260 705 1261 710 κ

233 795 260 830 “
278 815 395 862 rarum
427 787 577 874 formas}
611 813 697 860 mox
720 785 817 874 alios,
844 811 884 860 ac
918 785 1142 882 praecipuum»
1162 782 1213 857 Si-

232 916 260 952 “
277 909 457 986 monidem
475 929 601 982 ceteras
618 907 812 1004 reperisse.''
855 911 904 979 At
922 906 956 978 in
970 905 1065 980 Italia
1079 903 1214 978 Etrusci
1297 946 1299 954 ι
1328 895 1332 916 ’

230 1031 277 1102 ab
304 1029 489 1103 Corinthio
521 1032 724 1116 Demarat0‚
755 1026 966 1125 Aborigines
1000 1027 1139 1100 Arcade
1167 1022 1213 1099 ab

232 1153 401 1224 Evandro
417 1150 637 1222 didicerunt:
664 1153 698 1220 δι
716 1145 834 1220 sormae
852 1148 953 1220 literis
970 1146 1119 1237 Latinis,
1134 1171 1214 1248 quae‘

231 1270 428 1344 veterrimis
452 1271 669 1358 Graecorum.
695 1291 699 1299 ·
719 1268 787 1339 Sed
812 1259 911 1338 nobis
933 1293 1074 1364 quoque
1092 1293 1213 1364 paucae

235 1365 390 1486 primiam
407 1385 525 1460 suere:
552 1385 679 1458 deinde
698 1386 827 1458 additae
848 1384 936 1458 sunt.
987 1391 1069 1484 Qro
1093 1411 1211 1460 exem·
1275 1437 1282 1449 ι

233 1481 294 1607 pso
318 1505 485 1582 Claudius
512 1525 578 1578 tres
609 1503 726 1578 literas
756 1505 893 1604 adjecit,
934 1533 1014 1604 quae
1037 1504 1119 1579 ,usui
1147 1505 1215 1579 im·

211 1623 402 1727 'peritante
431 1651 486 1717 eo,
522 1625 598 1723 post
631 1627 834 1716 obliterata,
873 1625 1082 1724 aspiciuntur
1109 1626 1234 1732 etiam,
1272 1641 1276 1648 '

145 1761 151 1777 ⁸
231 1772 324 1824 nunc
357 1749 394 1822 in
427 1773 493 1822 aere
520 1746 738 1845 publicandis
759 1738 955 1846 'plebiscitis
983 1773 1042 1846 per
1071 1745 1145 1820 sora
1173 1773 1213 1822 ac

176 1867 178 1872 ¹
231 1871 363 1966 templa
385 1871 472 1942 fixo.
537 1935 541 1943 ,
924 1945 931 1966 ‚

181 2009 187 2020 ‘
279 1993 360 2064 XV.
387 1993 578 2090 Raruarr
600 1989 728 2062 deinde
761 1991 806 2061 ad
834 1987 989 2063 senatum
1013 1991 1112 2086 super
1140 1993 1211 2091 eol·

230 2109 323 2208 legio
351 2109 585 2214 haruspicum,
615 2133 659 2180 ne
683 2117 710 2150 ‘⁴
728 2108 951 2181 vetustissima
980 2110 1086 2182 ltaliae
1112 2110 1212 2184 disci-

198 2232 200 2242 ‘
232 2231 374 2328 “plina
407 2256 469 2327 per
498 2229 663 2302 defidiam
691 2226 921 2304 exolesceret:
953 2227 1041 2322 saepe
1070 2229 1215 2302 adversrs

190 2441 195 2445 μ
233 2351 474 2448 “reipublicae
499 2345 712 2446 temporibus
734 2347 876 2436 accitos,
907 2365 1058 2445 quorum
1077 2334 1214 2420 monitu

233 2477 262 2516 “
279 2471 524 2568 redintegratas
555 2469 781 2558 caerimonias,
813 2468 904 2550 &in
936 2467 1112 2566 posterum
1139 2493 1213 2542 rec-

103 2583 119 2592 ”
233 2597 262 2642 -“
279 2591 347 2664 tiirs
373 2591 530 2664 habitas:
559 2589 792 2689 primoresque
823 2590 967 2663 Etruriae
993 2589 1128 2686 sponte,
1154 2609 1214 2666 aut

231 2712 414 2810 “patrum
441 2709 875 2808 Romanorum'impulsu,
910 2710 1081 2784 retinuisse
1106 2709 1231 2784 scien-⁸

234 2839 262 2874 “
280 2833 378 2920 tiam,
416 2838 449 2904 &
479 2833 514 2904 in
547 2832 693 2906 familias
727 2833 951 2928 propagasse:
990 2832 1086 2936 quod
1119 2857 1212 2906 nunc

233 2959 261 2994 “
280 2949 416 3052 segnius
433 2953 523 3050 lieri,x
544 2954 683 3050 public&
701 2953 793 3024 circa
810 2953 919 3025 bonas
937 2969 1024 3023 artes
1042 2939 1211 3042 socordia,

155 3121 159 3130 -
233 3080 261 3116 “
281 3076 314 3144 &
347 3071 429 3170 quia
462 3091 612 3144 externae
643 3070 893 3169 superstitiones
921 3071 1103 3145 valescunt·
1165 3076 1213 3146 Et
1264 3121 1269 3138 .

234 3201 261 3240 “
279 3195 357 3266 laeta
374 3175 523 3289 'quidem
545 3191 580 3263 in
606 3192 748 3289 praesens
770 3192 910 3278 omnia3
931 3191 993 3266 sed
1010 3191 1213 3292 benignitati

234 3315 387 3386 “delam
417 3311 566 3409 gratiam
595 3311 820 3402 referendam,
850 3338 895 3386 ne
923 3313 1009 3386 ritus
1041 3312 1212 3388 sacrorum

232 3434 369 3506 “inter
409 3431 574 3530 ambigua
598 3432 705 3522 'culti,
747 3459 809 3529 per
850 3423 1013 3530 prospera
1051 3433 1212 3510 oblitera-

234 3561 263 3598 “
280 3553 433 3627 rentur.''
472 3553 619 3626 Fallunt
635 3577 734 3625 exeo
751 3551 1096 3632 senatusconsultum:
1118 3564 1145 3600 “
1160 3557 1212 3630 vi·
1251 3601 1260 3612 ·

136 3696 138 3746 ῑ
234 3682 262 3728 ·“
280 3661 399 3748 dererit
429 3675 624 3772 pontifices,
661 3699 738 3772 quae
766 3673 946 3754 retinenda
973 3664 1213 3776 firmandaque
1286 3730 1289 3740 «

236 3801 264 3848 “
281 3789 536 3894 haruspicum'?
1298 3799 1301 3808 '
