3006 4866
487 377 977 450 Grunnius
1093 392 1268 476 ·293'

182 650 185 662 Ι
206 539 397 630 nutrieibus
415 553 631 652 delegantur.
679 553 877 627 Dominum
899 575 940 626 ac
956 541 1093 626 servum
1111 555 1189 630 nul-

211 675 251 746 lis
284 673 496 748 educat-ionis
529 673 662 748 deliciis
691 675 883 774 dignoscas.
943 669 1037 746 ldter
1061 675 1189 747 eadem

206 819 346 891 pecora,
374 794 411 866 in
428 789 550 867 easdem
567 787 675 867 humo
694 797 841 893 degunt,
868 795 980 866 donec
997 790 1189 890 aetassepa·

207 935 261 987 ret
277 913 464 1013 ingenuos,
491 913 601 987 virtus
613 915 786 1012 agnoscat.
835 915 916 1018 Sera
931 912 1104 1012 juvenum
1121 918 1191 988 Ve-

207 1060 300 1118 nus3
330 1059 444 1130 eoque
471 1034 673 1107 inexhausta
708 1037 894 1134 pubertas:
940 1061 1004 1108 nec
1035 1033 1189 1132 virgines

205 1151 435 1246 festinantiam
460 1157 582 1228 eadem
592 1153 751 1253 juventa,
771 1154 887 1228 fimilis
905 1154 1107 1251 proceritas:
1128 1181 1190 1252 pa·
1280 1199 1282 1204 ·

119 1335 121 1340 .
163 1261 165 1265 ⁷
207 1298 261 1346 res
278 1261 475 1373 validaeque
491 1274 677 1348 miscentur
691 1303 703 1370 ε,
729 1277 918 1348 acrobora
942 1295 1125 1372 parentum
1147 1275 1189 1346 li-

207 1393 280 1466 beri
298 1391 460 1468 referunt.
510 1396 677 1472 Sororum
699 1395 778 1476 filiis
795 1395 890 1468 idem
917 1394 1012 1492 apud
1035 1419 1190 1466 avuncu-

207 1514 296 1603 lum,
324 1515 384 1613 qui
401 1515 495 1612 apud
522 1511 654 1612 patrem
682 1508 806 1589 honor}
856 1514 1013 1612 Qridam
1043 1510 1189 1588 sandio-

199 1659 282 1708 -rem
299 1635 552 1732 arslioremque
567 1637 662 1709 hunc
679 1661 812 1708 nexum
829 1633 1004 1732 sanguinis
1021 1632 1189 1707 arbitran-

205 1773 275 1844 tur,
306 1758 340 1828 &
365 1754 401 1827 in
419 1755 641 1852 ‘accipiendis
670 1756 846 1834 obfidibus
875 1755 986 1854 magis
1016 1755 1189 1852 exigunt3

205 1893 387 1973 tamquam
403 1875 442 1966 ii,
474 1876 685 1950 &animum
713 1877 859 1966 firmius,
881 1877 1075 1949 &domum
1089 1875 1190 1949 latius
1280 1873 1288 1954 ,’

203 2015 354 2070 teneant.
405 1997 566 2068 Heredes
594 2013 713 2066 tamen
745 1993 1018 2090 successoresque
1043 1994 1092 2068 sui
1116 1995 1189 2068 cui-

87 2205 91 2212 Ι
196 2140 276 2214 wque
293 2113 418 2190 liberi:
447 2115 637 2186 &nullum
653 2111 912 2186 testamentum.
948 2112 983 2185 Si
1002 2111 1100 2186 liberi
1118 2139 1190 2206 non

196 2233 297 2330 sunt,
311 2232 490 2331 proximus
502 2232 630 2328 gradus
643 2230 680 2303 in
693 2234 894 2328 possessione
911 2230 1041 2323 fratres,
1059 2233 1188 2328 patrui,

184 2351 381 2434 avunculi.
430 2350 574 2446 Qantd
598 2352 677 2449 plus
693 2351 988 2453 propinquorum,
1014 2350 1087 2450 qud
1112 2379 1187 2426 ma·
1257 2385 1260 2396 ·

121 2533 122 2538 1
199 2471 258 2572 jor
282 2471 453 2546 adfinium
479 2497 656 2560 numerus,
681 2471 778 2546 tantd
803 2451 980 2571 gratiosior
1006 2471 1160 2546 seneuus
1176 2462 1206 2546 ει

205 2619 271 2672 nec
287 2594 359 2668 ulla
375 2591 531 2668 orbitatis
557 2591 691 2690 pretia..

203 2777 205 2784 .
254 2716 359 2790 XXI.
387 2715 603 2788 soscrisse
639 2733 712 2788 tarn
739 2712 946 2805 inimicitias,
981 2713 1048 2788 seu
1068 2715 1187 2812 patria

191 2834 263 2908 ¹seu
288 2832 489 2930 propinqui,
524 2833 634 2930 quam
660 2833 827 2908 amicitias
854 2837 997 2910 necesse·
1014 2835 1088 2909 est:
1120 2862 1186 2912 nec

206 2941 443 3050 implacabiles
469 2953 608 3062 durant.
657 2955 787 3030 Luitur
814 2955 910 3066 enim
936 2956 1042 3036 etiam
1071 2955 1187 3029 horni-

207 3074 339 3148 cidium
368 3095 461 3158 ¹certo
490 3093 729 3150 armentorum
756 3102 797 3150 ac
825 3089 995 3174 pecorum
1024 3103 1185 3169 numero,
1293 3147 1296 3154 ,
1408 3091 1412 3098 ’

205 3193 400 3290 recipitque
423 3191 684 3271 satisfaslionem
701 3195 856 3270 universa
878 3184 1029 3271 domus:
1059 3197 1188 3276 utiliter
1262 3209 1265 3215 ’
1295 3187 1299 3198 ’

206 3315 243 3388 in
272 3313 477 3411 publicum;
514 3314 595 3412 quia
613 3315 870 3414 periculosrores
884 3317 982 3392 sunt·
996 3317 1186 3394 inimicitiae
1317 3319 1319 3326 ⁴

199 3434 302 3538 juxta
317 3435 521 3508 libertatem.
564 3435 792 3510 convictibus
811 3442 845 3511 δι
862 3436 1016 3536 hospitiis
1032 3441 1188 3514 nonalia
1206 3482 1217 3494 ·

207 3581 292 3654 gens
311 3556 446 3628 effufirls
468 3555 636 3654 indulget.
686 3557 961 3656 Qemcumque
984 3560 1187 3634 mortalium

206 3701 321 3758 arcere
344 3677 451 3768 testo,
478 3676 574 3782 nefas
598 3677 745 3754 habetur
761 3708 774 3756 ε,
796 3705 860 3779 pro
884 3677 1021 3758 fortun&
1043 3680 1188 3782 quisque

636 3799 723 3918 Ua
