3076 4868
306 403 357 473 44
502 375 544 447 C.
578 375 1124 460 Connn'aa'rTacrrr,
1238 359 1242 364 ’

197 587 201 602 ·
309 547 518 648 “gentibus
542 547 697 647 quietem
719 547 843 624 velit.''
893 551 1026 623 Datum
1052 522 1130 649 post
1148 552 1222 626 haee
1246 529 1289 628 Cr

231 747 233 754 .
307 672 431 760 Carfio,
457 669 518 768 qui
545 670 649 766 Syriae
676 689 835 768 praeerat,
863 671 1033 746 deducere
1049 669 1220 768 juvenem
1244 673 1290 745 ri-

307 817 390 888 pam
407 792 454 864 ad
472 791 669 888 Euphratis.

355 913 438 985 XII.
465 913 526 984 EA
558 937 818 1018 rnnrnsrarn
837 912 966 986 Caffius
991 933 1124 988 ceteros
1151 912 1289 1013 praemi-

306 1035 411 1106 nebat
445 1030 565 1130 peritia
605 1033 750 1131 legum:
790 1059 873 1107 nam
916 1033 1081 1108 militares
1114 1055 1199 1108 artes
1230 1059 1292 1132 per

308 1153 421 1228 otium
447 1153 591 1251 ignotae,
625 1152 876 1252 industriosque
901 1173 960 1226 aut
980 1154 1129 1253 ignavos
1162 1180 1232 1252 pax
1255 1155 1293 1228 in

307 1301 412 1372 aequo
439 1292 544 1348 tenet.
595 1271 782 1364 Attamen,
811 1295 982 1371 quantum
1013 1277 1200 1349 smebello
1228 1275 1291 1347 da-

257 1390 261 1406 ’
307 1399 426 1486 batur,
456 1418 620 1468 revocare
646 1390 795 1490 priscum
817 1419 969 1485 morem,
995 1396 1182 1470 exercitare
1205 1394 1291 1492 legi-

307 1542 406 1606 ones,
439 1516 535 1604 curfi,
568 1511 718 1610 provisu,
744 1512 887 1610 perinde
919 1540 1034 1612 agere,
1064 1541 1103 1588 ae
1131 1519 1155 1586 fi
1182 1515 1292 1588 hostis

306 1636 496 1734 ingrueret.
544 1635 597 1706 Ita
612 1632 761 1731 dignum
787 1632 976 1731 majoribus
992 1633 1072 1725 suis,
1103 1633 1294 1708 &familia

308 1759 417 1832 cassa
449 1774 553 1844 ratus,
579 1779 641 1852 per
672 1755 748 1829 illas
781 1781 923 1854 quoque
957 1776 1077 1854 gentes
1106 1757 1290 1830 celebrata.

306 1879 421 1978 Igitur
453 1875 577 1950 excitis
612 1901 764 1974 quorum
791 1877 837 1949 de
864 1874 1028 1950 sententia
1052 1875 1191 1980 petitus¹
1211 1901 1290 1966 rex,

295 1997 492 2108 'pofitisque
517 1996 631 2072 castris
664 2000 760 2096 apud
792 2000 969 2098 Zeugma,
1007 1998 1102 2072 unde
1133 1995 1290 2072 maxime

306 2119 446 2219 pervius
469 2117 595 2210 amnis,
622 2120 809 2218 postquam
834 2119 992 2196 inlustres
1016 2120 1132 2193 Parthi
1159 2143 1291 2217 rexque

185 2237 191 2244 ’
307 2244 470 2316 Arabum
487 2243 655 2341 Abgarus,
669 2243 881 2328 advenerat;
904 2262 1025 2320 monet
1042 2242 1290 2328 Meherdaten,

309 2365 584 2438 “barbarorum
620 2361 773 2456 impetus
805 2387 913 2451 acres,
960 2361 1178 2436 cunctatione
1216 2363 1292 2434 lan·

309 2481 529 2584 “g11escere,
552 2497 612 2552 aur
637 2478 674 2549 in
700 2480 884 2572 perfidiam
910 2498 1060 2552 mutari:
1089 2501 1208 2578 ltaque
1232 2507 1289 2554 ur-

216 2651 219 2660 .
308 2611 451 2701 “geret
478 2595 631 2694 coepta.''
678 2593 787 2691 Quod
816 2594 969 2692 spretum
996 2594 1116 2670 fraude
1138 2598 1289 2694 Abgmi,

307 2723 370 2820 qui
392 2720 561 2819 juvenem
587 2716 767 2815 ignarum,
795 2721 829 2790 &
855 2713 1029 2789 summam
1050 2715 1228 2790 fortunam
1252 2717 1290 2791 in

307 2845 394 2916 luxu
417 2857 545 2929 ratum,
575 2839 706 2912 multos
728 2863 788 2947 per
809 2837 884 2910 dies
909 2837 1048 2912 attinuit
1069 2839 1166 2936 apud
1187 2838 1290 2936 oppi-

306 2963 394 3034 dum
412 2961 587 3034 Edessam.
638 2962 686 3033 Et
711 2978 858 3033 vocante
882 2959 1074 3051 Carrhme,
1099 2965 1129 3001 “
1146 2983 1290 3056 prompa

309 3088 338 3124 “
355 3079 474 3178 tasque
502 3082 581 3152 res”
613 3081 807 3154 ostentante
842 3087 869 3122 “
896 3082 919 3152 fi
948 3078 1008 3154 citi
1036 3078 1290 3170 adveniffent,?’

308 3224 380 3276 non
410 3200 571 3276 cominus
599 3199 910 3297 Mesopotamiam,
944 3198 1004 3274 sed
1032 3205 1129 3276 flexu
1158 3205 1288 3273 Arme·
1373 3213 1376 3220 ’
1405 3233 1413 3238 -

307 3323 405 3398 niam
417 3342 552 3421 petunt,
570 3322 607 3395 id
623 3317 790 3418 temporis
806 3319 1060 3418 importunam,
1080 3319 1162 3419 quia
1177 3319 1290 3392 hiems

254 3475 257 3478 ·
308 3443 514 3541 occipiebat.

348 3562 463 3640 xm:
477 3567 586 3638 Exm
599 3561 739 3638 nivibus
756 3566 791 3636 &
808 3562 985 3638 montibus
1000 3562 1084 3650 fesfi,
1102 3559 1290 3658 postquam

307 3711 452 3786 campos
484 3683 779 3783 propinquabant,
814 3682 921 3781 copiis
954 3680 1136 3756 Carrhenis
1165 3679 1287 3779 adjun-

310 3825 452 3908 guntur.
519 3803 800 3903 Transmissoque
829 3829 932 3881 amne
963 3801 1082 3902 Tigri,
1109 3822 1292 3903 permeant
