3006 4866
356 347 428 452 318
537 343 581 420 C.
614 345 894 470 Conunnnr
930 344 1142 422 Tnerrr

354 517 593 596 camdenum
609 516 776 608 hominis,
802 517 903 594 venia
914 515 1111 626 opus-suit:
1137 541 1247 615 quam
1263 541 1365 594 non

352 642 521 739 petissem,
551 639 588 712 ni
603 637 798 714 cursaturus
813 657 884 714 tam
909 637 1002 714 saeva
1029 636 1201 714 &infesta
1222 639 1359 714 virtu·

351 761 442 835 tibus
460 781 628 858 tempora.
720 849 730 856 .

398 883 444 956 11.
479 884 681 971 Lacruus,
719 879 803 956 edm
842 881 998 954 Aruleno
1036 879 1184 954 Rustico
1215 883 1351 956 Paetus

350 999 516 1093 Thrasea,
549 1000 735 1076 Herennio
767 1000 946 1074 Senecioni
977 996 1109 1074 Priscus
1140 1002 1348 1076 Helvidius

349 1123 480 1197 laudati
496 1125 614 1213 essent,
633 1121 777 1220 capitale
793 1121 913 1195 fuisse:
932 1145 1047 1219 neque
1063 1121 1097 1194 in
1114 1121 1205 1220 ipsos
1222 1123 1345 1197 modo
1472 1161 1473 1220 q

350 1246 520 1334 austores,
550 1242 607 1316 sed
643 1242 678 1316 in
708 1242 814 1316 libros
842 1267 983 1345 quoque
1010 1268 1132 1316 eorum
1159 1241 1341 1335 saevitum,
1472 1235 1473 1262 i

350 1367 514 1464 delegato
529 1363 717 1438 triumviris
738 1363 944 1455 ministerio,
974 1383 1012 1436 ut
1028 1363 1246 1438 monimenta
1261 1367 1340 1439 cla-

349 1486 557 1562 riffimorum
573 1484 795 1583 ingeniomm
814 1483 851 1556 in
869 1483 1013 1557 comitio
1029 1507 1068 1557 ac
1084 1481 1161 1556 soro
1186 1510 1335 1559 ureren-

349 1629 420 1682 tur.
468 1607 603 1682 Scilicet
628 1608 687 1680 illo
703 1605 786 1704 igne
802 1631 928 1682 vocem
953 1603 1073 1702 populi
1098 1606 1268 1696 Romani,
1296 1611 1334 1681 8c

349 1730 541 1802 libertatem
558 1725 705 1816 senatsrs,
725 1731 759 1800 &
776 1724 1017 1799 conscientiam
1034 1725 1167 1823 generis
1184 1727 1331 1800 humani

348 1847 476 1922 aboleri
507 1846 773 1937 arbitrabantur,
805 1846 954 1942 expulsis
992 1843 1131 1942 insuper
1153 1845 1330 1942 sapientiae

347 1966 609 2066 professoribus,
629 1961 742 2063 ‘atque
767 1965 866 2040 omni
896 1967 989 2040 bona
1014 1987 1086 2038 arte
1111 1967 1147 2038 in
1170 1967 1329 2042 exsilium

345 2089 439 2179 aaa,
464 2087 612 2184 nequid
629 2084 775 2184 usquam
798 2087 983 2162 honestum
1001 2108 1204 2160 occurreret.
1252 2090 1325 2162 De·

345 2207 465 2284 dimus
491 2205 647 2306 profesto
676 2210 808 2306 grande
836 2208 1008 2306 patientia
1043 2207 1322 2284 documentum:

344 2333 484 2406 &ficut
500 2347 600 2402 vetus
615 2347 697 2402 aetas
708 2327 810 2418 vidit,
841 2328 925 2426 quid
943 2329 1106 2403 ultimum
1118 2329 1154 2403 in
1171 2328 1325 2405 libertate

338 2451 453 2535 ‘esset3
478 2448 526 2521 ita
546 2474 610 2522 nos
638 2448 723 2546 quid
749 2449 786 2520 in
807 2447 980 2540 servitute,
1006 2451 1173 2548 adempto
1195 2477 1256 2550 per
1271 2452 1322 2525 in-

342 2567 541 2668 quifitiones
567 2573 603 2642 δι
637 2569 804 2666 loquendi
836 2569 1069 2668 audiendique
1101 2573 1323 2646 commercio

343 2688 561 2766 Memoriam
573 2715 719 2787 quoque
731 2689 838 2786 ipsam
852 2717 933 2792 eum
951 2717 1038 2764 voce
1051 2691 1321 2788 perdidissemus,

344 2815 371 2886 'fi
387 2809 513 2884 tamin
529 2809 643 2884 nostra
658 2793 825 2908 potestate
841 2814 923 2886 esset
939 2807 1110 2904 oblivisci,
1137 2814 1244 2913 quam
1260 2821 1317 2908 [ta-

307 2987 309 2997 .
341 2957 436 3006 cere.

273 3151 276 3160 A
377 3055 458 3144 ¹lli.
475 3054 595 3127 Nuuc
614 3052 758 3128 demum
770 3052 858 3127 redit
870 3054 1024 3129 animus:
1045 3059 1315 3155 &quamquam

342 3172 457 3271 primo
472 3174 589 3246 statim
612 3173 792 3248 beatissimi
811 3171 925 3248 saecusi
951 3189 1044 3267 ortu,
1071 3181 1191 3252 Nerva
1210 3176 1318 3251 Caesar

340 3315 397 3363 res
434 3291 519 3364 olim
545 3292 775 3368 diffociabiles
801 3295 984 3388 miscuerit,
1017 3297 1252 3395 principatum
1280 3323 1317 3370 ac

341 3409 549 3502 libertatem,
576 3435 772 3513 augeatque
789 3415 945 3512 quotidie
967 3415 1168 3492 felicitatem
1185 3416 1315 3515 imperii

337 3532 462 3604 Nerva
477 3530 659 3629 Trajanus,
687 3561 752 3608 nec
779 3535 875 3632 spem
892 3536 1001 3610 modo
1016 3565 1057 3612 ac
1075 3516 1198 3614 votum
1223 3539 1312 3612 secu·

340 3652 421 3725 ritas
450 3653 604 3749 publica,
631 3654 688 3727 sed
705 3655 808 3752 ipsrus
837 3658 910 3730 voti
937 3659 1116 3751 fiduciam,
1145 3687 1185 3734 ac
1212 3661 1315 3734 robur

340 3769 588 3871 adsumpserit:
605 3773 735 3850 *natura
763 3795 879 3851 tamen
904 3778 1112 3866 infirmitatis
1134 3773 1310 3873 humane,
1343 3853 1348 3862 ,
