3126 4864
450 413 745 484 Annntiun
781 398 1027 483 manni.
1164 427 1226 482 ηπ

260 589 289 630 “
305 571 511 682 periculum,
548 584 666 659 omnia
695 583 808 682 potius
836 585 1080 672 toleraturum,
1123 586 1231 680 quam

259 712 286 747 “
302 726 468 796 veterem,
503 732 543 780 ac
572 707 633 778 diu
664 724 810 800 partam
839 703 1081 802 dignationem
1109 702 1230 778 subitae

259 824 455 901 “felicitati
479 825 729 900 submitteret'.”

304 951 439 1022 XLIII.
465 951 553 1020 Nnc
584 949 735 1033 deerant,
766 931 825 1042 qui
853 947 927 1018 haec
954 945 1073 1019 iisdem
1101 949 1227 1039 verbis,

255 1085 314 1140 aut
329 1067 422 1140 veisa
438 1066 474 1138 in
491 1065 654 1154 deterius,
679 1067 815 1137 Senecae
836 1064 1017 1138 deferrent.
1068 1071 1229 1166 Reperti-

256 1213 326 1284 que
352 1187 574 1275 accusatorem
603 1185 796 1282 “direptos
818 1184 939 1275 socios,
982 1186 1065 1259 ciam
1105 1191 1229 1264 suilius

258 1315 286 1386 “,
306 1307 523 1404 provinciam
546 1309 663 1379 Asiam
681 1326 825 1403 regeret,
844 1331 883 1378 ac
908 1307 1055 1402 publicae
1075 1310 1229 1404 pecuniae

257 1433 286 1468 “
304 1429 530 1522 peculatum''
562 1428 726 1498 detulere.
777 1429 885 1516 Mon,
922 1423 1003 1523 quia
1040 1426 1229 1525 inquisitio·

255 1573 336 1619 nem
360 1573 513 1620 annuam
533 1547 810 1644 impetraverant,
831 1544 972 1620 brevius
997 1544 1136 1639 uisum,x
1149 1546 1227 1623 sub-

252 1669 385 1741 urbana
400 1667 545 1740 crimina
561 1666 680 1763 incipi,
715 1692 864 1764 quorum
891 1666 987 1754 obvii
1004 1667 1104 1740 testes
1120 1691 1226 1742 erant.

250 1787 292 1876 Ii,
330 1788 566 1862 “acerbitate
595 1785 816 1860 accusationis
852 1789 1160 1885 QPomponium
1180 1792 1227 1865 ad
1340 1786 1342 1794 ¹

252 1913 279 1948 “
298 1912 525 1982 neceffitatem
538 1908 622 1982 beIIi
635 1907 746 1980 civilis
758 1906 953 1980 detrusum:
979 1909 1109 2002 Juliam
1123 1913 1225 1986 Drusi
1306 1966 1307 1970 =

252 2035 281 2070 ‘⁶
299 2026 421 2118 filiam,
436 2031 668 2124 Sabinamque
684 2030 876 2122 Poppaeam
895 2027 940 2096 ad
953 2049 1102 2100 monem
1115 2034 1224 2121 astam

237 2136 278 2190 '“
298 2152 331 2220 &
356 2149 535 2222 Valerium
570 2144 777 2232 Afiaticum,
811 2133 958 2214 Lufium
986 2145 1222 2242 Saturninum,
1255 2172 1260 2178 '
1328 2135 1329 2149 ἵ

251 2275 280 2342 ‘.‘
298 2268 502 2342 Cornelium
535 2268 681 2361 Lupum
722 2262 999 2347 circumventos3
1025 2260 1100 2363 jam
1128 2271 1224 2364 equi-

251 2391 279 2432 “
297 2406 375 2458 tum
394 2390 639 2466 Romanomm
656 2383 799 2482 agmina
816 2385 994 2474 damnata,
1012 2408 1226 2484 omnemque
1300 2387 1301 2391 ’

251 2505 435 2578 “Claudii
475 2505 665 2578 saevitiam'’
702 2503 813 2578 SuiIio
851 2501 1080 2602 objetIabant.
1146 2509 1223 2599 Ille,

249 2633 277 2670 ‘¹
294 2625 380 2698 nihil
396 2650 441 2698 ex
458 2625 511 2698 his
532 2625 652 2722 sponte
676 2625 884 2723 susceptum,
913 2624 969 2697 sed
987 2623 1139 2722 Principi
1163 2655 1224 2724 pa-

248 2753 275 2789 “
294 2746 416 2818 ruifl'e''
439 2745 663 2837 defendebat,
686 2749 799 2820 donec
820 2773 911 2820 eam*
924 2746 1115 2820 orationem
1143 2751 1223 2823 Cae·

246 2865 298 2938 sar
312 2847 481 2956 cohibuit,
520 2875 549 2909 “
576 2888 795 2964 compertum
834 2867 920 2940 fibi''
951 2863 1098 2941 'referens
1129 2877 1156 2912 “
1177 2897 1223 2944 ex

248 2981 551 3058 “commentariis
574 2987 763 3084 patrissui,
787 2989 921 3060 nullam
946 2987 1148 3087 cujusquam
1164 3018 1221 3065 ac-

246 3104 504 3179 “cusationem
536 3105 581 3178 ab
613 3132 656 3178 eo
690 3109 884 3180 coaciam?
948 3109 1047 3181 Tum
1083 3118 1110 3153 “
1129 3109 1222 3207 jussa
1325 3085 1327 3097 i

247 3233 275 3269 “
293 3225 511 3298 Messalinae''
538 3226 721 3322 praetendi,
740 3229 773 3298 ac
792 3229 908 3300 labare
925 3227 1088 3304 defensio.
1106 3237 1222 3306 “Cur

248 3353 276 3392 “
294 3345 389 3419 enim
418 3345 596 3419 neminem
620 3347 727 3420 alium
756 3349 944 3439 delectum,
979 3349 1040 3447 qui
1069 3349 1221 3426 saevienti
1334 3405 1340 3412 -

247 3473 273 3510 ‘⁶
293 3467 480 3564 impudicae
508 3493 633 3541 vocem
663 3470 855 3565 praeberet?
886 3469 1085 3544 Puniendos
1102 3497 1220 3548 rerum
1327 3457 1328 3460 Ἴ

168 3627 176 3644 ·
245 3594 273 3630 ‘⁴
290 3585 460 3660 atrocium
478 3586 666 3677 ministros,
685 3587 747 3662 ubi
763 3577 875 3686 pretia
891 3589 1059 3664 scelerum
1087 3595 1218 3690 adepti,

245 3713 272 3750 “
290 3706 414 3780 scelera
445 3706 515 3804 ipsa
544 3706 618 3780 aliis
646 3709 846 3806 delegent.''
910 3711 1022 3809 Igitur
1057 3713 1219 3812 adempta

243 3829 416 3902 bonomm
435 3848 529 3926 parte
555 3831 657 3926 (nam
673 3828 746 3902 filio
776 3835 809 3904 ὅτ
837 3831 935 3929 nepti
953 3859 1032 3931 pars
1048 3819 1217 3908 concede-
1237 3847 1241 3850 ’
