3076 4864
327 379 330 389 ’
439 345 1003 428 ᾸΝκΑιιυΜΒιΒ.ΧΙῙ.
1143 339 1300 457 ’39“

265 526 383 604 animo
412 529 597 630 Principis,
618 531 680 605 ‚cui
704 555 776 604 non
795 527 986 628 judicium,
1015 525 1088 602 non
1120 527 1245 608 odium

169 717 173 726 .
263 669 349 748 erat,
376 649 438 726 nist
463 649 575 728 indita
600 643 754 750 &julia

311 773 375 848 IV.
401 773 544 848 Iotrun
561 772 746 863 Vitellius„
761 773 905 847 nornine
933 767 1077 848 censoris
1105 765 1243 848 serviles

262 887 415 967 fallacias
452 897 636 993 obtegens,
685 891 994 994 ingruentiumque
1031 893 1242 967 dominatio-

262 1037 351 1086 num
368 1013 539 1111 provisor,
574 1010 647 1112 qud
677 1013 827 1112 gratiam
856 1013 1065 1114 Agrippina
1094 1034 1241 1113 pararet,

262 1135 410 1209 confinis
428 1135 501 1234 ejus
518 1133 701 1232 implicari,
726 1131 831 1209 serere
848 1137 996 1210 crimina
1016 1137 1053 1209 in
1069 1136 1238 1226 Silanum,

263 1256 322 1328 cui
350 1255 429 1330 sane
455 1258 581 1329 decora
605 1261 639 1328 ὅτ
673 1277 806 1353 procax
822 1255 927 1347 soror,
956 1257 1060 1352 Junia
1075 1257 1239 1348 Calvina,

262 1375 358 1447 haud
377 1375 528 1449 multum
545 1376 622 1447 ante
639 1376 770 1448 Vitellii
786 1380 893 1450 nurus
909 1377 1044 1450 suerat:
1076 1377 1158 1451 hinc
1175 1377 1239 1450 ini-

261 1494 352 1568 tium
382 1493 618 1584 accusationis,
636 1491 853 1594 fratrumque
881 1521 954 1570 non
980 1496 1162 1588 incestum,
1184 1497 1243 1572 sed

258 1599 509 1702 incustoditum
548 1605 711 1696 amoremx
744 1619 790 1690 ad
830 1616 1013 1690 infamiam
1046 1618 1176 1692 traxit:
1205 1623 1240 1693 &

261 1738 437 1833 praebebat
462 1737 576 1811 Caesar
602 1763 715 1829 auree,
744 1738 954 1836 accipiendis
972 1739 1160 1813 adversinn
1178 1765 1239 1840 ge·

260 1882 384 1932 nerum
405 1855 656 1956 suspicionibus
673 1861 813 1934 caritate
829 1861 909 1936 filiae
927 1860 1138 1959 promptior.
1189 1865 1241 1935 At
1360 1850 1363 1856 ’

258 1979 403 2072 Silanus,
423 1977 623 2054 insidiarum
641 1981 787 2072 nescius,
817 2007 860 2053 ac
876 1979 964 2054 forte
980 2007 1022 2054 eo
1039 2007 1131 2060 anno
1149 2007 1238 2079 praea
1347 1995 1350 2004 '

260 2118 328 2192 tor,
346 2100 489 2199 repente
506 2128 568 2200 per
584 2101 742 2175 edietum
764 2099 899 2183 Vitellii
926 2099 1047 2173 ordine
1071 2097 1239 2176 senatorio

194 2209 196 2220 ’
259 2241 434 2312 movetur,
450 2245 668 2320 quamquam
692 2220 782 2292 ledo
807 2217 946 2316 pridem
963 2216 1095 2308 senatu,
1114 2220 1237 2292 lustro-

260 2367 331 2438 que
360 2341 521 2432 condito,
561 2341 663 2414 fimul
690 2339 909 2440 adfinitatem
946 2337 1114 2416 Claudius
1146 2337 1239 2411 dire-

259 2459 339 2551 mit,
369 2457 577 2559 adactusque
600 2461 735 2536 Silanus
763 2459 893 2561 ejurare
921 2458 1183 2560 magistratum,
1203 2461 1239 2531 ὃς
1355 2556 1359 2568 ¹

174 2593 177 2598 '
212 2590 215 2594 '
256 2579 412 2680 reliquus
442 2602 605 2680 praeturae
634 2582 708 2657 dies
750 2581 787 2657 in
833 2581 984 2682 Eprium
1021 2579 1237 2656 Marcellum

258 2705 415 2776 conlatus
440 2703 502 2804 est.
855 2723 857 2729 '

307 2825 353 2896 V.
378 2826 421 2896 C.
438 2827 640 2916 Pomsto,
664 2827 722 2922 Q
741 2823 892 2898 Veranio
919 2808 1132 2913 consulibus,
1155 2847 1237 2920 pac-

259 2961 339 3016 tum
366 2942 453 3016 inter
481 2944 671 3018 Claudium
700 2941 992 3043 &Agrippinam
1018 2942 1236 3017 matrimoni·

259 3087 334 3136 um.
385 3065 467 3157 Jam
483 3062 587 3154 sams,
613 3062 697 3159 jam
717 3088 837 3136 amore
863 3063 993 3138 inlicito
1015 3065 1235 3154 firmabatur,

258 3183 430 3256 necdum
447 3184 616 3257 celebrare
631 3181 811 3258 sollemnia
827 3186 1028 3283 nuptiarum
1045 3161 1235 3272 addebant,
1349 3282 1354 3292 Ι

259 3305 359 3379 nullo
387 3306 554 3402 exemplo
576 3306 736 3381 deduslae
763 3306 800 3378 in
817 3307 965 3379 domum
989 3305 1103 3404 patrui
1125 3302 1236 3377 fratris
1335 3341 1338 3347 r

258 3426 351 3500 filiae.
402 3425 499 3524 Qin
514 3429 547 3501 &
564 3425 747 3520 incestum,
765 3453 821 3519 ac,
840 3431 864 3536 sr
880 3425 1109 3524 sperneretur,
1127 3449 1172 3498 ne
1198 3423 1236 3495 in

258 3551 394 3652 malum
423 3547 606 3646 publicum
635 3567 845 3646 erumperet,
876 3547 1106 3620 metuebatur.
1156 3544 1235 3617 Nec
1315 3551 1322 3570 ‘
1370 3621 1373 3636 ¹

259 3669 338 3740 ante
351 3668 474 3743 omissa
489 3667 680 3760 cundatiO,
711 3670 818 3768 quim
842 3668 1001 3762 Vitellius
1020 3667 1087 3740 suis
1104 3665 1235 3740 artibus

167 3819 170 3824 ·
260 3786 297 3862 id
324 3792 594 3897 perpetrandum
618 3789 772 3888 sumpfit.
820 3786 1135 3888 Percundatusque
1158 3786 1234 3860 Cae-
1306 3855 1309 3867 r

586 3943 589 3949 .
724 3910 806 4001 D4
