3006 4866
335 395 404 474 352
566 375 1136 455 C.Conunc11¹Tnc1rr

332 550 426 648 genii
454 548 514 642 est,
543 551 662 641 odire,
689 567 797 650 quem
829 551 978 628 laeseris:
1013 551 1317 628 Domitiani‘vera

331 691 453 743 natura
468 696 620 768 praeceps
636 672 673 744 in
690 672 790 762 iram,
817 677 852 746 ὃς
869 671 940 771 qub
956 672 1145 764 obscurior,
1168 673 1211 746 eb
1228 673 1318 747 irre·

329 789 530 881 vocabilior,
557 792 795 866 moderatione
808 813 925 866 tamen
936 795 1185 892 prudentibque
1201 795 1315 894 Agri-

328 911 413 982 cola
431 910 618 984 leniebatur
632 941 641 984 ε
662 912 826 1008 quianon
839 913 1071 1004 contumacia,
1085 940 1200 1012 neque
1212 914 1316 988 inani

270 1045 273 1052 '
320 1023 508 1122 jactatione
524 1031 703 1123 libertatis,
734 1013 863 1134 farriam
887 1033 1066 1132 fatumque
1086 1037 1316 1130 provocabat.

209 1237 211 1256 Ι
327 1148 455 1238 Sciant,
474 1152 602 1247 quibus
620 1153 728 1226 moris
742 1154 789 1226 est
805 1153 934 1227 inlicita
950 1154 1080 1242 mirari,
1095 1157 1188 1250 polle
1204 1155 1316 1230 etiam

326 1267 390 1341 sub
407 1270 506 1342 malis
523 1257 739 1372 Principibus
756 1301 902 1372 magnos
918 1277 1010 1347 viros
1026 1277 1117 1348 effe:
1144 1274 1313 1372 obsequi-

327 1377 460 1487 unique
477 1417 517 1466 ac
536 1393 754 1484 modestiam,
786 1395 808 1467 sr
826 1393 992 1468 industria
1007 1421 1047 1468 ac
1063 1396 1309 1492 vigor'adfint,

327 1509 370 1582 eb
388 1511 498 1584 laudis
515 1514 693 1603 excedere,
718 1513 789 1612 qud
807 1513 964 1612 plerique
988 1540 1050 1611 per
1066 1516 1225 1612 abrupta,
1249 1515 1311 1589 sed

326 1629 365 1704 in
382 1633 519 1706 nullum
545 1633 744 1732 reipublicae
768 1635 883 1724 usum,
909 1634 1091 1708 ambitiosa
1110 1618 1225 1709 vmbrte
1252 1636 1309 1708 in-

300 1752 305 1770 *
327 1753 533 1824 claruerunt.

373 1871 507 1944 XLIII.
532 1874 561 1943 F
564 1895 647 1942 rurs
669 1871 749 1943 vitae
768 1869 839 1966 ejus
858 1870 958 1944 nobis
975 1870 1162 1960 luctuosus,
1179 1874 1307 1948 amicis

122 2019 124 2025 ⁴
260 2063 264 2076 ,
326 1990 441 2082 tristis,
475 1989 645 2064 extraneis
669 1991 775 2066 etiam
802 1987 995 2089 ignotisque
1022 2015 1094 2064 non
1122 1993 1191 2064 fine
1219 1998 1308 2068 curl

324 2110 401 2185 luit.
442 2113 580 2209 Vulgus
596 2137 751 2210 quoque,
776 2114 808 2184 δι
826 2109 883 2184 bic
900 2109 996 2184 aliud
1012 2135 1117 2209 agens
1134 2113 1305 2208 populus,

325 2235 360 2305 δι
379 2231 590 2306 ventitavere
611 2233 656 2304 ad
673 2231 836 2320 domum,
863 2233 896 2304 δι
915 2229 1078 2327 perfora,
1108 2230 1310 2307 &circulos

325 2352 433 2432 locuti
459 2349 561 2428 sunt:
593 2377 657 2426 nec
685 2351 881 2454 quisquam,
908 2350 1025 2423 audita
1053 2337 1166 2424 morte
1193 2352 1303 2451 Agri-

322 2474 425 2561 colae,
455 2491 514 2544 aut
530 2472 661 2544 laetatus
680 2471 743 2562 est,
773 2489 832 2544 aut
853 2470 968 2544 statim
979 2469 1110 2544 oblitus
1124 2472 1182 2545 est„
1225 2479 1303 2546 Au·

323 2595 426 2692 gebat
444 2589 692 2666 miserationem
716 2591 872 2666 constans
892 2617 1023 2682 rumor,
1050 2598 1077 2634 ‘¹
1095 2617 1231 2672 veneno
1247 2592 1302 2666 in-

285 2715 290 2724 '
323 2721 351 2756 “
368 2714 597 2810 terceptum.”
654 2711 770 2786 Nobis
804 2710 890 2786 nihil
923 2711 1094 2810 comperti
1130 2713 1303 2788 affirmare

321 2838 453 2908 aufim:
490 2832 641 2907 ceterum
674 2857 736 2933 per
774 2859 918 2916 omnem
946 2831 1182 2910 valetudinem
1214 2831 1301 2932 ejus,
1388 2923 1390 2932 1

321 2953 488 3043 crebrius,
514 2953 622 3052 quam
639 2979 684 3028 ex
711 2979 811 3027 more
833 2951 1045 3051 principatbs
1074 2977 1134 3050 per
1158 2953 1301 3028 nuntios

319 3072 471 3164 visentis,
496 3074 747 3148 &libertorum
766 3072 882 3172 primi,
908 3077 942 3147 ὅτ
955 3073 1171 3148 medicorum
1187 3073 1301 3148 intimi

237 3281 238 3288 ἵ
285 3177 288 3186 ’
320 3195 470 3269 venere:
497 3198 565 3268 five
590 3221 674 3268 cura
690 3195 791 3284 illud,
821 3197 890 3268 five
912 3192 1086 3293 inquisitio
1108 3214 1187 3268 erat.
1236 3188 1301 3268 Su'·

320 3339 444 3410 premo
469 3314 613 3411 quidem
637 3313 709 3404 die,
740 3333 920 3388 momenta
936 3313 1127 3388 deficientis
1145 3340 1204 3413 per
1231 3314 1299 3388 dis·
1360 3316 1364 3326 '

319 3435 449 3534 pofitos
461 3427 612 3510 cursores
626 3435 782 3510 nuntiata
794 3435 988 3527 constabat,
1005 3437 1104 3510 nullo
1121 3437 1293 3526 credente,

319 3557 364 3628 fic
381 3553 578 3644 adcelerari,
597 3582 675 3652 quae
692 3555 793 3630 tristis
809 3556 955 3630 audiret.
1005 3555 1164 3654 Speciem
1181 3576 1291 3632 tamen

319 3671 448 3752 doloris
466 3673 582 3746 animo
598 3677 767 3773 vultuque
785 3702 855 3772 prae
882 3675 915 3750 se
939 3675 1033 3766 tulit,
1063 3675 1200 3750 securus
1219 3673 1292 3772 jam

318 3796 404 3888 odii,
435 3798 467 3874 ἃ
496 3793 556 3896 qui
577 3792 710 3874 facilius
727 3797 947 3885 diffimularet
971 3796 1155 3898 gaudium,
1189 3795 1297 3897 quam

1438 1149 1467 1184 ‘l
