3076 4868
441 394 739 466 Aunnmunt
782 389 893 464 Lru.
934 389 1018 462 XII‘.
1164 413 1212 488 47

235 589 365 659 nonen,
379 565 441 666 qui
457 543 651 642 Aorsorum
667 566 761 666 genti
777 567 1006 666 praecellebat.
1055 566 1135 640 Nec
1152 564 1219 640 fuit

232 689 269 762 in
292 689 401 762 arduo
417 684 572 778 societas,
596 687 788 784 potentiam
815 693 1018 764 Romanam
1046 687 1213 760 adversas

233 810 399 884 rebellem
416 806 648 882 Mithridaten
672 807 929 883 ostentantibus.
979 808 1091 906 Igitur
1118 808 1218 906 pepi-

235 932 331 1030 gbre‚
351 929 605 1028 “equestribus
625 929 755 1026 proeliis
773 934 940 1008 Eunones
955 949 1125 1018 certaret3
1152 932 1217 1004 ob-

238 1058 266 1094 “
285 1049 369 1130 fidia
386 1049 526 1126 urbium
544 1048 700 1124 Romani
723 1053 966 1148 capefferent.”
1182 1053 1185 1062 ’

285 1172 386 1248 XVI.
410 1167 509 1248 Tuni
533 1173 726 1266 composito
747 1173 888 1269 agmine
905 1172 1088 1248 incedunt:
1121 1171 1219 1271 cujus

237 1291 390 1366 srontem
413 1295 448 1364 &
470 1310 582 1387 terga,
600 1294 724 1377 Aorfi3
750 1291 867 1364 media
892 1295 1059 1382 cohortes,
1089 1294 1219 1368 &Bos-

241 1411 380 1509 porani,
410 1413 622 1500 tutabantur,
653 1411 778 1484 nostris
805 1411 841 1484 in
868 1412 983 1486 armis.
1031 1412 1086 1490 Sic
1109 1413 1224 1508 pulsus
1271 1466 1273 1472 -
1316 1479 1318 1488 ,

239 1531 359 1621 hostis,
385 1549 601 1628 ventumque
632 1531 763 1608 Sozam
798 1531 972 1630 oppidum
1002 1531 1221 1625 Dandaricae,

239 1654 337 1751 quod
359 1651 532 1726 desertum
554 1677 574 1723 a
591 1651 810 1744 Mithridate,
841 1654 889 1726 ob
907 1653 1091 1752 ambiguos
1108 1681 1222 1752 popu-

187 1829 191 1844 ,
239 1773 365 1848 larium
381 1772 514 1846 animos
532 1771 693 1862 obtineri,
707 1773 827 1848 relicto
844 1773 894 1848 ibi
913 1775 1082 1872 praestdi0,
1100 1772 1224 1848 visum.

239 1895 335 1969 Exin
363 1893 400 1967 in
425 1893 556 1968 Siracos
585 1914 748 1992 pergunt.
800 1897 847 1967 Et
869 1893 1058 1995 transgressi
1080 1922 1223 1970 amnem

239 2017 410 2105 Pandam,
444 2013 725 2088 circumveniunt
760 2016 886 2090 urbem
917 2013 1053 2110 Uspen,
1095 2017 1226 2095 editam

240 2139 334 2228 loct),
366 2139 399 2209 &
429 2134 608 2210 moenibus
637 2159 678 2207 ac
711 2131 802 2204 soffis
825 2131 1011 2222 munitam,
1039 2134 1101 2207 nist
1129 2137 1227 2233 qubd

240 2256 376 2335 moenia
391 2282 465 2330 non
487 2252 585 2344 saxo,
613 2250 672 2326 sed
689 2250 838 2326 cratibus
862 2237 1035 2354 revindis,
1058 2277 1097 2326 ac
1114 2257 1229 2332 medis

241 2379 367 2468 humo,
412 2374 598 2452 adversiint
639 2373 877 2470 inrumpentes
917 2369 1068 2446 invalida
1089 2395 1226 2458 ,erantz

241 2498 449 2594 edunaeque
473 2493 572 2568 altius
594 2514 718 2584 turres,
744 2490 879 2568 facibus
904 2512 1010 2592 atque
1031 2493 1135 2568 hastis
1156 2514 1227 2568 tur-

241 2619 375 2696 babant
400 2614 574 2692 obsessos:
605 2638 646 2690 ac
673 2615 710 2688 ni
732 2614 899 2713 proelium
928 2639 1002 2688 nox
1026 2613 1228 2706 diremisset,

240 2758 359 2836 coepta
376 2757 579 2838 patrataque
600 2735 1001 2836 expugnatioeumdem
1022 2731 1110 2809 intrb
1132 2735 1228 2812 diem
1265 2726 1267 2730 ⁵

139 2924 142 2938 ,
243 2855 345 2944 foret.

292 2978 411 3053 XVII.
435 2981 615 3054 Posrnno
645 2978 768 3056 misdre
796 2981 943 3079 legatos,
971 2984 999 3022 “
1021 2977 1158 3052 veniam
1184 2980 1227 3054 li-

246 3105 274 3144 “
293 3096 383 3174 beris
418 3099 646 3194 corporibus''
679 3119 839 3195 orantes:
885 3107 913 3142 “
940 3098 1065 3176 servitii
1103 3101 1229 3176 decern

246 3226 275 3264 “
294 3217 427 3295 millia’'
439 3220 655 3298 offerebant:
675 3221 772 3319 quod
788 3220 955 3319 aspernati
972 3213 1049 3294 sunt
1064 3219 1227 3314 victores,

170 3375 175 3390 ¹
246 3338 330 3439 quia
357 3338 534 3418 trucidare
565 3340 701 3420 deditos
726 3340 870 3433 savum,
900 3361 1031 3416 tantam
1068 3344 1227 3416 multitu*

247 3461 369 3536 dinem
398 3459 553 3534 custodis
575 3461 713 3560 cingere
739 3465 919 3542 arduum:
940 3483 979 3536 ut
1003 3463 1086 3536 belli
1115 3465 1230 3562 potitis

242 3581 320 3684 jure
348 3582 521 3657 caderent.
588 3583 793 3681 Datumque
825 3582 1009 3673 militibus,
1040 3584 1100 3682 qui
1132 3584 1230 3659 scalis

248 3685 438 3796 evaserant,
482 3709 621 3802 signum
653 3705 770 3778 caedis.
836 3687 996 3778 Excidio
1019 3704 1231 3802 Uspensium

250 3845 364 3908 metus
388 3826 509 3906 ceteris
525 3823 685 3926 injectus,
711 3824 802 3903 nihil
818 3843 934 3902 tutum
952 3824 1044 3918 ratis,
1070 3827 1153 3904 cum
1175 3849 1230 3902 ar·
