3120 4860
392 393 693 464 Auunnrum
724 371 834 460 eri.
870 387 968 460 XVI.
1113 333 1196 482 ¹249

202 569 254 640 .“
272 563 485 654 dimiffum,’'
510 565 695 653 tradidere,
723 571 750 607 “
768 562 938 660 ademptis
956 558 1057 635 bonis
1082 560 1119 633 in
1144 563 1197 634 lo·

228 694 254 727 “
273 712 356 758 cum
372 685 476 784 regia
495 685 629 783 gazae.''
1144 779 1148 790 .

178 853 182 858 -
228 861 234 872 .
272 807 333 878 lV.
359 809 538 880 suranna
567 803 711 894 senatus,
743 805 937 902 propinquo
965 801 1040 900 jam
1071 802 1198 876 lustrali

225 926 424 1016 certamine,
453 945 491 996 ut
509 926 660 997 dedecus
677 946 855 1014 averteret,
874 926 973 1006 offert
996 921 1199 1020 Imperatori

203 1118 205 1124 ,
226 1029 254 1087 ‘³
271 1045 451 1118 visioriam
462 1046 621 1134 cantlrs,''
634 1042 748 1142 adjicit
766 1053 793 1087 “
807 1042 975 1144 sacundiae
992 1044 1199 1132 coronam,”

225 1168 294 1261 qula
312 1166 444 1238 ludicra
458 1162 657 1236 deformitas
669 1166 848 1257 velaretur.
885 1167 953 1237 Sed
971 1167 1082 1253 Nero,
1102 1172 1129 1208 “
1144 1161 1197 1237 ni-

229 1290 256 1330 “
275 1283 321 1355 hil
341 1284 489 1374 ambitu,
508 1309 571 1357 nec
588 1284 751 1380 potestate
768 1283 900 1358 senatlrs
917 1310 1006 1380 opus
1023 1286 1111 1356 else''
1125 1283 1198 1356 dic·

227 1402 343 1492 titans,
364 1411 389 1445 “
408 1401 441 1477 se
454 1431 594 1501 aequum
611 1406 775 1478 adversbs
796 1399 1014 1494 aemulos,'&
1034 1402 1201 1502 religione

188 1578 190 1586 .
230 1521 431 1620 f‘jrrdicrrm
449 1523 607 1596 meritam
625 1526 766 1597 laudem
783 1524 1067 1613 adsecuturum,”
1087 1521 1200 1619 primi)

228 1667 368 1716 carmen
392 1643 428 1716 in
456 1643 553 1717 scenas
581 1643 719 1717 recitat:
750 1669 836 1716 mox
865 1643 1043 1741 flagitante
1075 1644 1198 1740 vulgo,

229 1771 312 1852 “ut
342 1764 460 1836 omnia
483 1764 592 1836 studia
619 1763 678 1838 sua
706 1763 939 1861 publicaret,''
978 1766 1071 1860 (haec
1105 1764 1202 1836 enim

227 1887 331 1958 verba
370 1885 506 1980 dixere)
541 1885 732 1983 ingreditur
763 1887 949 1974 theatrum,
983 1883 1118 1958 cunstis
1152 1883 1200 1956 ci·

226 2006 330 2077 tharae
361 2005 494 2100 legibus
517 2007 789 2100 obtemperans:
817 2029 860 2074 ne
892 1985 995 2074 sessus
1027 2006 1197 2094 resideret,

182 2149 187 2160 ¹
226 2150 270 2196 ne
287 2125 459 2212 sudorem,
483 2121 543 2194 nisr
561 2126 615 2212 eal,
638 2146 746 2218 quam
764 2103 902 2192 indutui
926 2125 1081 2217 gerebat,
1105 2125 1199 2198 veste

181 2219 213 2262 a,
229 2245 450 2340 detergeret:
480 2241 632 2312 utnulla
648 2240 729 2330 oris,
748 2260 806 2312 aut
822 2239 957 2312 narium
980 2261 1202 2316 excrementa

227 2363 426 2436 viserentur.
468 2359 648 2433 Postremo
665 2361 775 2433 flexus
789 2386 893 2462 genu,
913 2365 1088 2434 &coetum
1101 2362 1201 2436 illum
1303 2397 1304 2401 ¹

228 2509 336 2556 manu
363 2501 555 2570 veneratus,
578 2464 757 2555 sententias
772 2480 932 2580 judicum
959 2482 1202 2579 opperiebatur

228 2602 310 2677 fido
323 2627 462 2698 pavore.
513 2605 560 2676 Et
577 2603 674 2700 plebs
693 2603 837 2699 quidem
854 2603 975 2693 Urbis,
998 2603 1201 2680 histrionum

230 2748 371 2820 quoque
390 2723 502 2819 gestus
512 2722 635 2821 juvare
651 2722 760 2814 solita,
779 2721 982 2820 personabat
1000 2724 1099 2797 certis
1123 2751 1199 2797 mo-

228 2843 294 2931 dis,
327 2841 515 2940 plausuque
544 2847 776 2940 compofito„
810 2845 978 2917 Crederes
1010 2843 1135 2930 laetari;
1161 2871 1201 2920 ac

228 2961 365 3035 sortasse
382 2964 600 3053 laetabantur,
620 2989 680 3059 per
697 2962 856 3061 injuriam
875 2964 1006 3061 publici
1018 2965 1152 3062 flagitii.

276 3085 321 3153 V.
345 3083 419 3191 Suo
449 3083 509 3179 qui
531 3083 670 3156 remotis
697 3110 716 3161 e
744 3084 954 3181 municipiis,
981 3083 1202 3182 severamque

173 3183 175 3194 Ι
229 3205 359 3294 adhuc,
379 3209 412 3276 &
431 3203 564 3302 antiqui
580 3203 685 3278 moris
702 3205 886 3282 retinentes
904 3205 1051 3294 ltaliam,
1070 3206 1201 3305 quique

230 3349 292 3420 per
320 3325 442 3420 longas
468 3323 675 3418 provincias,
700 3323 844 3398 lasciviae
873 3325 1056 3423 inexperti,
1085 3328 1201 3402 officio
1266 3385 1269 3394 .
1316 3379 1322 3388 -

184 3521 188 3540 Κ
228 3444 457 3542 legationum,
482 3461 540 3515 aut
569 3443 699 3539 privata
721 3445 868 3550 utilitate
890 3448 1120 3538 advenerant,
1141 3455 1199 3524 ne·

228 3591 298 3662 que
325 3563 499 3660 aspestum
527 3562 626 3635 illum
660 3566 815 3655 tolerare,
854 3592 968 3663 neque
1003 3571 1112 3642 labori
1148 3574 1200 3645 in-

228 3685 373 3758 honesto
405 3683 579 3756 sufficere:
609 3685 692 3757 cum
729 3686 890 3761 manibus
918 3688 1037 3764 nesciis
1072 3689 1201 3768 fatisce-

228 3805 318 3896 rent,
344 3805 521 3880 turbarent
550 3830 686 3904 gnaros,
704 3831 744 3882 ac
773 3805 860 3908 saepe
887 3835 908 3884 a
931 3809 1100 3890 militibus
1123 3839 1198 3885 ver-
