3120 4860
324 363 416 454 184¹
537 357 1108 435 C.Corruar1rTAcrr'r

317 562 396 610 rum
413 534 637 634 flagitiorum,
666 539 766 636 plura
784 537 904 629 etiam,
933 538 1039 636 quarn
1059 536 1190 637 jussum
1210 555 1300 629 erat,

317 655 432 753 fingit,
461 655 655 757 fateturque
678 659 773 756 apud
796 657 941 750 amicos,
965 685 1052 757 quos
1069 660 1164 732 velut
1187 663 1298 732 consr-
1357 661 1365 678 ‘

316 775 364 848 lio
380 776 584 852 adhibuerat
608 779 784 878 Princeps.
833 779 939 852 vTurn
956 778 993 851 in
1009 778 1203 854 Sardiniam
1221 783 1295 879 pel-

314 894 411 987 litur,
440 898 502 972 ubi
535 925 608 974 non
633 900 736 998 inops
768 900 927 974 exsilium
955 899 1131 992 toleravit,
1162 906 1196 975 δι
1223 900 1297 976 sato

314 1015 415 1092 obiit.
1230 1065 1234 1076 ·

353 1143 499 1240 ‚LXIIL
527 1147 587 1217 Ar
617 1143 750 1237 Narro,
781 1121 1028 1244 “prasedum
1054 1145 1092 1219 in
1119 1144 1215 1242 spem
1241 1141 1294 1220 so-

313 1267 342 1304 “
360 1260 494 1338 ciandae
521 1266 629 1342 claffis
653 1268 898 1364 corruptum,''
927 1252 961 1340 di
989 1265 1151 1341 incusata
1177 1267 1294 1364 paullo

302 1383 393 1457 'ante
424 1391 452 1428 “
468 1385 674 1460 sterilitatis’'
699 1387 842 1479 oblitus,
874 1395 901 1430 “
918 1389 1059 1461 auauos
1076 1387 1194 1483 partus
1210 1413 1295 1460 con-

313 1511 343 1547 “
360 1505 497 1579 scientia
514 1506 717 1593 libidinum,
740 1531 851 1602 eaque
869 1505 931 1579 fibi
943 1486 1163 1602 comperta‚''¹
1178 1507 1295 1606 edicio

311 1645 508 1698 memorat:
527 1624 929 1722 insulaque-Pandataria
944 1624 1133 1700 Oetaviam
1149 1625 1293 1699 claudit.
1400 1657 1406 1662 ·

309 1747 396 1818 Non
424 1743 491 1816 asia
515 1741 610 1816 exsul
635 1743 818 1816 visentium
846 1746 969 1818 oculos
1004 1743 1134 1843 majore
1161 1743 1292 1818 miseri-

201 1901 204 1910 ·
311 1863 428 1939 cordid
440 1861 580 1936 adfecit.
617 1862 858 1938 Meminerant
869 1866 985 1940 adhuc
998 1865 1145 1964 quidam
1158 1863 1291 1964 Agrip-

295 1985 440 2084 ¹pinaea
462 1983 630 2070 Tiberio·;
660 1984 834 2060 recentior
850 1985 954 2082 Juliae
979 1985 1153 2089 memoria
1166 1989 1292 2062 obver-

308 2107 458 2197 sabatur,
483 2132 503 2179 a
529 2085 678 2180 Claudio
704 2105 820 2203 pulsae.
869 2107 938 2179 Sed
967 2106 1034 2214 iliis
1057 2110 1166 2184 robur
1183 2108 1293 2182 aetatis

288 2227 482 2329 adsuerat.
544 2229 645 2300 Laeta
672 2226 791 2324 aliqua
816 2207 990 2318 viderant,
1025 2233 1058 2302 δι
1088 2225 1292 2327 praesentem

299 2349 478 2424 saevitiam
502 2346 653 2426 melioris
678 2346 766 2422 olim
787 2345 935 2422 sortunae
951 2350 1187 2426 recordatione
1201 2337 1292 2424 ¹alle-

276 2489 280 2504 '
308 2474 451 2544 rabant.
501 2469 600 2544 Huic
626 2467 781 2566 primurn
805 2469 1009 2568 nuptiarum
1034 2470 1107 2544 dies
1132 2473 1212 2546 loco
1236 2471 1291 2546 su-

308 2593 398 2666 neris
420 2591 500 2682 suit,
529 2589 689 2666 deducta
705 2591 742 2666 in
766 2593 931 2681 domum,
964 2590 1001 2664 in
1023 2593 1092 2688 qud
1118 2591 1206 2666 nihil
1228 2593 1291 2668 nisi

299 2711 503 2786 ¹luctuosum
518 2713 673 2803 haberet,
697 2731 818 2810 erepto
837 2738 899 2811 per
915 2737 1092 2786 venenum
1115 2731 1224 2808 patre,
1255 2715 1291 2788 δε

307 2834 425 2908 statim
452 2830 579 2908 fratre:
616 2853 694 2908 turn
721 2833 848 2932 ancilla
872 2832 1017 2908 domina
1043 2831 1216 2912 validior:
1255 2837 1291 2908 a
1333 2869 1340 2876 ·

307 2957 461 3052 Poppaea
478 2979 550 3027 non
568 2953 629 3027 nis1
650 2953 689 3028 in
710 2953 902 3054 perniciem
917 2954 1038 3030 uxoris
1051 2973 1187 3054 nupta:
1212 2953 1290 3054 pos.

249 3065 251 3071 ’
308 3075 422 3149 tremb
447 3073 578 3148 crimen
595 3075 693 3150 omni
717 3075 997 3173 exitio'gravius.

355 3197 490 3272 LXIV.
516 3199 575 3270 Ao
594 3221 766 3286 uuonan,
790 3195 954 3272 vicesimo
976 3197 1083 3272 aetatis
1106 3223 1213 3291 anno,
1236 3197 1303 3272 in:

304 3339 356 3393 ter
381 3315 597 3395 centuriones
620 3316 811 3424 nemilites,
838 3316 1007 3418 praesagio
1024 3308 1197 3394 malorum
1213 3317 1290 3417 jam

305 3440 378 3514 vita
407 3460 585 3538 exempta,
619 3440 780 3513 nondum
804 3459 923 3514 tamon
951 3460 1066 3515 morte
1094 3437 1285 3537 acquiesce-

305 3563 378 3635 bat.
426 3559 550 3635 Paucis
583 3559 711 3634 dehinc
741 3557 926 3658 interjedbis
947 3560 1084 3650 diebus,
1117 3559 1208 3640 moti
1226 3557 1285 3656 ju-

307 3685 432 3758 betur:
467 3681 549 3756 cium
570 3680 645 3780 jam
673 3680 861 3755 “viduam
888 3680 935 3772 se,
971 3686 1005 3756 81
1033 3679 1169 3755 tantum
1192 3675 1286 3752 soro-

246 3787 249 3799 *
310 3813 337 3860 ‘⁴
355 3807 450 3892 teru”
462 3801 651 3896 testaretur,
669 3801 943 3907 communesque
969 3810 996 3846 “
1015 3798 1286 3895 Germanos?

909 4111 918 4164 s
