3126 4864
444 408 752 486 Auximon
785 399 1026 482 L1n.'x111.
1180 426 1246 507 119

272 575 343 654 ldre
373 588 400 624 “
418 583 655 682 longinquum
672 582 762 682 regis
777 583 854 673 iter,
885 579 1038 656 &Medi
1054 603 1097 652 an
1117 576 1249 650 Albani

263 707 299 766 ·“
318 721 526 800 peterentur,
544 704 754 794 incertum,’'
783 705 899 804 lucem
916 699 1119 799 opperitur:
1158 723 1245 794 prae·

269 822 436 922 missaque
452 824 538 898 levis
556 843 739 914 armatura,
758 849 835 920 quae
854 849 971 898 muros
1005 819 1141 893 interim
1169 845 1245 890 am-

270 941 371 1034 biret,
390 945 761 1043 oppugnationemque
788 942 921 1016 eminus
954 942 1128 1039 inciperet.
1177 939 1269 1012 Sed

266 1063 455 1160 oppidani,
482 1065 589 1162 portis
607 1064 729 1162 sponte
747 1062 935 1160 patefastis,
956 1062 989 1136 se
1016 1061 1144 1159 suaque
1169 1064 1245 1134 Ro-

216 1232 220 1243 ·
270 1183 383 1260 manis
398 1184 609 1281 permisere:
642 1187 739 1282 quod
755 1184 898 1258 salutem
930 1183 1008 1281 ipsis
1036 1183 1126 1257 tulit.
1175 1187 1246 1256 Ar·
1326 1183 1329 1192 ⁴

271 1303 397 1376 taxatis
414 1304 503 1402 ignis
521 1303 701 1395 immissus,
731 1306 913 1402 deletaque
931 1308 963 1376 δι
980 1303 1051 1378 solo
1068 1305 1248 1402 adaequata

269 1419 375 1495 sunt:
413 1423 495 1521 quia
523 1451 588 1498 nec
613 1425 719 1498 teneri
746 1429 816 1498 fine
849 1425 965 1500 valido
998 1425 1169 1523 praefidio,
1199 1428 1247 1500 ob

272 1542 550 1640 magnitudinem
567 1545 754 1636 moenium,
769 1571 834 1619 nec
850 1546 885 1619 id
903 1546 1004 1622 nobis
1021 1546 1149 1618 virium
1162 1567 1247 1634 erat,

271 1664 369 1759 quod
385 1665 559 1738 firmando
577 1667 746 1762 praefidio,
784 1668 818 1740 ὅτ
847 1669 1053 1764 capessendo
1072 1668 1164 1740 bello
1192 1665 1248 1739 di-

269 1784 467 1858 videretur:
505 1787 564 1858 vel
594 1789 617 1858 sr
645 1786 831 1885 integra&
850 1787 1055 1862 incustodita
1071 1786 1245 1884 relinque-

269 1923 399 1994 rentur,
419 1907 515 1980 nulla
531 1906 568 1978 in
587 1933 629 1980 eo
648 1908 775 1980 utilitas
802 1928 860 1981 aut
888 1908 1011 2004 gloria,
1031 1905 1127 2004 quod
1145 1928 1248 2004 capta

268 2027 388 2098 effent.
439 2025 613 2124 Adjicitur
631 2026 853 2113 miraculum,
875 2026 969 2096 velut
987 2026 1131 2100 numine
1148 2029 1246 2100 obla·

194 2163 199 2186 ¹
269 2163 358 2220 tum.
395 2148 492 2218 Nam
509 2146 637 2218 cunda
653 2144 767 2232 extra,
785 2142 883 2214 tetus
900 2161 1000 2243 tenus
1015 2140 1083 2213 sole
1099 2144 1249 2220 inlustria
1343 2131 1349 2148 ⁴

270 2264 391 2350 sufere3
424 2265 523 2362 quod
552 2262 729 2336 moenibus
758 2260 978 2359 cingebatur,
1019 2258 1066 2334 ita
1106 2266 1263 2358 repente,

270 2387 341 2458 aut
359 2386 452 2456 nube
468 2402 689 2480 coopertum,
701 2380 965 2481 fulguribusque
981 2379 1167 2454 discretum
1183 2369 1248 2472 est,
1338 2435 1342 2446 .

150 2582 153 2590 ,
270 2524 324 2594 ut,
358 2507 451 2601 quasi
470 2502 714 2578 infensantibus
742 2503 829 2596 deis,
864 2501 972 2576 exitio
988 2501 1077 2576 tradi
1094 2503 1248 2576 credere·

270 2643 335 2696 tur.
396 2626 456 2698 Ob
485 2626 562 2698 haec
591 2621 820 2698 consalutatus
848 2627 1018 2722 imperator
1040 2623 1165 2696 Nero:
1204 2647 1250 2696 ex

271 2744 557 2820 senatusconsulto
592 2753 620 2789 “
633 2746 923 2844 supplicationes’'
954 2743 1104 2818 habitae:
1141 2751 1167 2786 “
1182 2743 1249 2817 sta·

273 2870 301 2908 “
320 2885 459 2962 tuaque
478 2870 510 2938 &
528 2891 639 2956 arcus,
671 2870 704 2938 δε
732 2865 888 2940 continui
907 2863 1099 2944 consulatus
1110 2863 1249 2956 ¹Princi-

272 2992 302 3028 ‘⁶
322 2984 380 3082 pi:
413 3005 522 3082 utque
554 2985 642 3060 inter
658 2984 759 3060 festos
776 2985 961 3060 referretur
978 2985 1065 3076 dies,
1091 3012 1163 3083 quo
1188 3011 1248 3083 pa-

274 3113 408 3183 “trata
441 3105 598 3196 vidioria,
625 3132 696 3203 quo
722 3106 891 3196 nuntiata,
920 3132 992 3204 quo
1024 3109 1172 3180 relatum
1206 3107 1263 3212 de¹

274 3233 303 3270 “
321 3230 361 3300 eal
379 3227 501 3317 effet,''
530 3227 665 3325 aliaque
694 3226 730 3300 in
764 3228 925 3302 eamdem
948 3226 1098 3302 sormam
1131 3229 1251 3301 decer-

273 3367 418 3439 nuntur,
443 3345 531 3422 adeo
558 3349 705 3422 modum
732 3349 875 3446 egressa,
902 3369 940 3422 ut
957 3350 1012 3456 ¹C.
1040 3349 1170 3422 Caffius
1207 3348 1253 3420 de

272 3470 393 3544 ceteris
427 3468 620 3544 honoribus
649 3467 817 3560 adsensus,
851 3473 919 3574 “si
942 3495 1013 3571 pro
1040 3467 1253 3568 benignitate

275 3595 303 3632 “
321 3588 469 3664 sortunae
488 3590 553 3664 diis
571 3609 680 3689 grates
697 3609 895 3690 agerentur,
921 3615 966 3662 ne
981 3609 1095 3663 totum
1108 3589 1254 3688 quidem

274 3716 452 3785 “annum
477 3709 785 3809 supplicationibus
823 3709 1001 3784 sufficere''
1035 3709 1251 3784 disseruerit:

274 3837 303 3875 “
321 3832 433 3930 edque
450 3852 612 3930 oportere
629 3831 742 3921 dividi
758 3832 879 3918 ¹sacros
898 3836 931 3908 δι
951 3825 1147 3930 negotiosos
1164 3830 1250 3919 dies,
1319 3853 1324 3863 ’

628 3949 908 4061 ,141
