3126 4864
398 337 716 472 -Astnnsruu
745 376 855 460 lhrs.
886 386 984 474 XIV.
1149 389 1214 484 165

241 560 318 634 neci
349 553 593 658 temperabat:
631 561 840 656 confixaque
856 547 933 630 telis
950 555 1054 630 etiam
1073 555 1215 654 jumen-

240 697 291 769 ta,
315 705 500 776 corporum
517 681 701 752 cumulum
729 698 904 752 auxerant.
955 678 1071 766 Clara,
1095 681 1129 750 δε
1156 703 1217 748 an·

142 824 145 836 ¹
241 797 349 894 tiquis‘
373 799 522 872 vistoriis
551 825 627 896 par,
657 800 697 871 ed
726 799 783 880 die
815 801 888 872 laus
918 817 1040 895 parta:
1086 795 1218 894 quippe

240 915 326 990 sunt'
340 919 400 1015 qui
423 921 544 1014 paullo
575 919 704 1008 minus,
741 919 849 1014 quarn
889 917 1066 1016 octoginta
1109 916 1219 989 millia

240 1035 481 1111 Britannorum
507 1037 664 1110 cecidisse
691 1038 840 1126 tradant,
870 1035 1019 1110 militum
1051 1035 1216 1134 quadrin-

243 1157 355 1253 gentis
379 1155 487 1230 fenne
515 1156 715 1246 interseslis,
745 1181 809 1228 nec
832 1156 944 1230 multi)
969 1156 1117 1252 amplius
1139 1156 1217 1228 vul·

231 1274 378 1347 -neratis
415 1275 590 1348 Boudicca
609 1275 720 1348 vitam
744 1267 880 1348 veneno
904 1275 1026 1348 sinivit.
1064 1278 1110 1366 Et
1133 1278 1216 1348 Poe-

165 1397 167 1402 ’
245 1393 323 1486 nius
339 1393 537 1484 Postumus,
572 1393 753 1492 praesedlus
772 1395 958 1468 castrorum
986 1387 1143 1466 seeundae
1170 1395 1226 1466 le-·

244 1513 371 1611 gionis,
407 1515 555 1612 cognitis
580 1514 965 1611 quartadecimanorum
995 1513 1220 1586 vicesimano-

229 1659 391 1734 rumque
416 1631 583 1730 prosperis
609 1635 724 1724 rebus,
752 1633 834 1730 quia
858 1633 932 1730 pari
958 1633 1068 1730 glori&
1109 1633 1218 1730 legio·

230 1765 323 1826 hem
343 1753 447 1826 'suam
482 1731 712 1843 fraudaverat,
740 1755 994 1850 abnueratque,
1020 1771 1143 1825 contra
1171 1752 1217 1824 ri·-
1304 1811 1306 1816 ,

230 1879 320 1948 'tum
346 1868 493 1964 militiae,
517 1871 606 1971 jussa
629 1873 742 1963 ducis,
773 1872 806 1947 se
839 1871 954 1969 ipsum
986 1873 1102 1969 gladio
1124 1893 1217 1946 tran·

240 1991 338 2091 segit.
981 2019 982 2022 ¹
1264 2079 1266 2084 Ι

290 2115 498 2190 XXXVIII.
523 2113 807 2186 Courrtncrus-
826 2109 952 2182 deinde
976 2110 1090 2182 omnis
1120 2135 1216 2184 exer-

242 2232 344 2322 citus,
371 2232 434 2305 sub
461 2232 609 2328 pellibus
636 2227 773 2302 habitus
801 2229 861 2321 est,
894 2230 939 2302 ad
974 2229 1106 2326 reliqua
1134 2232 1216 2304 belli

243 2352 511 2448 perpetranda,
547 2349 728 2446 Auxitque
752 2350 869 2446 copias
893 2347 1020 2438 Cesar,
1056 2348 1161 2422 missis
1199 2375 1218 2422 e
1291 2371 1292 2375 ’

242 2469 433 2544 Germanis
459 2471 596 2544 duobus
628 2469 897 2568 legionariorum
924 2469 1093 2560 millibus,
1136 2471 1218 2542 osto

242 2587 457 2666 auxiliarium
487 2589 700 2686 cohortibus,
725 2615 766 2662 ac
790 2589 888 2663 mille
904 2589 1103 2687 equitibus:
1128 2615 1215 2688 quo-

242 2737 321 2784 rum
348 2711 515 2799 adventu,
550 2709 678 2783 nonani
708 2709 901 2808 legionario
929 2709 1040 2786 milite
1070 2710 1217 2808 suppleti

242 2827 331 2900 sunt.
380 2829 548 2902 Cohortes
565 2831 697 2926 alaeque
713 2829 813 2902 novis
830 2829 1062 2904 hibernaculis
1079 2833 1222 2922 locatae,

174 2999 175 3002 ,
243 2947 410 3045 quodque
454 2947 633 3022 nationum
677 2947 914 3046 ambiguum,·
940 2969 999 3022 aut
1032 2951 1216 3042 adversum

243 3065 366 3156 fuerat,
385 3065 457 3164 igni
474 3083 578 3164 atque
594 3067 682 3141 serro
700 3067 862 3141 vastatur.
912 3071 977 3142 Sed
997 3070 1082 3164 nihil
1099 3071 1212 3169 aeque,
1237 3137 1241 3148 .

239 3187 353 3286 vquam
382 3179 490 3260 fames
519 3188 707 3286 adfligebat
723 3186 873 3262 serendis
888 3185 1046 3288 frugibus
1066 3191 1216 3266 incurios

242 3309 309 3399 sos,
331 3312 365 3380 ὅτ
391 3307 487 3380 omni
504 3326 605 3381 etate
622 3309 667 3380 ad
683 3303 815 3384 bellum
834 3311 945 3398 versas,
972 3310 1060 3384 dum
1084 3311 1216 3409 nostros

243 3445 462 3501 commeatus
490 3427 550 3500 fibi
578 3428 775 3513 destinant;
803 3428 989 3528 gentesque
1017 3430 1214 3528 praeseroces

237 3547 373 3620 tardius
399 3549 444 3620 ad
474 3573 596 3645 pacem
624 3547 815 3642 inclinant;
850 3551 933 3647 quia
961 3551 1074 3646 Julius
1097 3553 1214 3625 Classr‘-

244 3659 374 3768 cianus,
400 3665 567 3742 successor
582 3668 671 3741 Cato
685 3667 815 3758 missus,
834 3674 868 3742 &
888 3671 1051 3744 Suetonio
1071 3669 1213 3768 discors,

245 3776 383 3864 bonum
413 3787 593 3886 publicum
622 3787 762 3887 privatis
793 3767 1017 3870 simultatibus
1046 3791 1229 3890 impedies

636 3993 639 3999 ,
703 3909 792 4004 Ma
