3076 4868
324 391 372 462 80
519 379 565 459 C.
603 386 848 494 Constanti
868 347 1056 460 'Tactrt

323 568 352 603 “
371 551 448 656 que*
466 583 587 655 parum
617 555 782 632 coercitis
810 585 869 656 per
893 559 1092 634 Calabriam
1120 557 1300 636 servotum

323 679 568 777 “agminibus
599 705 724 778 pacem
757 676 865 752 ltaliae
898 681 1087 754 turbaret.''
1135 681 1197 762 Ob
1222 684 1300 754 haec

319 822 416 876 mors
448 800 590 890 indisla,
618 802 771 874 multum
797 799 997 873 adversante
1013 799 1188 891 Narcils0,
1224 803 1299 900 qui,

321 921 557 1020 Agrippinam
586 921 698 1019 magis
726 919 906 1018 magisque
923 907 1129 1016 suspeetans,
1155 917 1299 1020 promp-

320 1043 392 1115 fiffe
418 1042 507 1114 inter
523 1041 701 1140 proximos
717 1041 906 1130 serebatur,
940 1047 966 1082 ‘⁶
979 1061 1109 1114 certam
1122 1039 1195 1114 'fibi
1222 1069 1298 1140 per·-

273 1177 276 1182 “
320 1169 351 1205 “
370 1163 510 1253 niciem,
545 1163 602 1256 seu
623 1162 842 1237 Britannicus
865 1185 993 1252 rerum,
1029 1161 1087 1234 seu
1114 1163 1212 1234 Nero
1235 1188 1299 1260 po-

319 1289 348 1326 “
366 1283 499 1357 tiretur.
549 1283 681 1357 Verlim
709 1284 755 1356 ita
782 1284 827 1356 de
851 1283 884 1356 se
915 1282 1079 1356 meritum
1113 1280 1295 1374 Caesarem,
1390 1285 1394 1292 ’

321 1410 407 1477 “ut
447 1404 557 1478 vitam
588 1405 661 1478 usui
697 1403 778 1500 ejus,
800 1403 1029 1499 impenderet.
1089 1405 1299 1478 Convidtam

321 1532 350 1568 “
368 1525 589 1600 Meffalinam
615 1529 647 1595 δι
673 1523 808 1596 Silium.
857 1524 958 1593 Pares
970 1521 1097 1593 iterum
1115 1510 1320 1597 accusandi¹

322 1642 484 1716 “causas
511 1646 591 1732 etse,
625 1646 646 1714 fi
680 1645 779 1714 Nero
809 1641 1034 1736 imperitaret.
1098 1641 1301 1718 Britannico

324 1769 352 1806 ‘⁶
369 1762 569 1853 successore,
596 1763 733 1833 nullum
756 1759 910 1856 Principi
939 1759 1127 1848 meritum:
1168 1787 1208 1836 ac
1232 1791 1297 1838 nos

220 1881 226 1892 ’
320 1890 350 1926 “
367 1908 476 1956 vercae
493 1881 621 1954 insidiis
638 1883 785 1954 domum
803 1906 946 1953 omnem
976 1880 1142 1971 convelli,
1168 1877 1298 1982 majore

320 2012 349 2047 “
367 2003 517 2102 flagitio,
534 2003 643 2100 quarn
665 2007 688 2075 sr
710 2001 964 2099 impudicitiam
989 2001 1113 2098 prioris
1139 2003 1297 2103 conjugis

309 2131 350 2183 ·“
367 2125 577 2200 reticuisset:
616 2149 833 2222 quamquam
863 2149 906 2196 ne
935 2123 1189 2221 impudicitiam
1218 2127 1296 2224 qui·

237 2299 238 2302 ,
321 2254 350 2315 ’Ξ
369 2249 453 2320 dem
480 2271 574 2320 nunc
596 2247 723 2336 abesse,
754 2246 913 2318 Pallante
940 2246 1121 2352 adultero:
1148 2273 1193 2320 ne
1219 2247 1306 2345 quis·

320 2375 349 2412 “
366 2369 538 2464 ambigat,
564 2367 683 2453 decus,
698 2355 885 2459 pudorem,
904 2391 1043 2462 corpus,
1070 2369 1195 2460 cunda
1218 2395 1297 2468 reg-

288 2499 291 2506 “
322 2496 350 2531 “
368 2513 416 2560 no
444 2485 563 2557 viliora
578 2482 740 2552 habere.''
790 2486 882 2554 Haec
900 2503 1006 2580 atque
1024 2488 1105 2558 talia
1122 2488 1296 2576 diditans‘,

319 2603 482 2704 amplecti
508 2599 760 2690 Britannicum,
790 2604 938 2674 “robur
962 2603 1069 2675 aetatis
1089 2606 1197 2700 quarn
1219 2631 1295 2678 ma*

278 2759 280 2768 ·
318 2738 348 2772 “
366 2724 572 2798 turrimum’'
600 2721 755 2820 precari:
786 2721 896 2794 modb
916 2722 962 2794 ad
987 2723 1086 2813 deos,
1116 2723 1224 2796 modb
1249 2727 1297 2798 ad

316 2834 595 2945 ipsum'tendere
624 2869 762 2934 manus,
791 2850 819 2884 “
833 2841 1053 2934 adolesceret,
1096 2845 1202 2940 patris
1228 2846 1294 2920 ini-

224 3037 228 3047 ,
318 2976 347 3022 ·“
366 2965 476 3040 micos
512 2967 721 3063 depelleret:
765 2963 882 3038 matris
913 2964 1019 3038 etiam
1058 2963 1295 3042 interfectores

317 3095 345 3131 “
362 3086 614 3161 ulcisceretur.''
771 3173 774 3182 γ

258 3209 262 3222 “
364 3209 499 3280 LXVI.
525 3209 571 3279 In
590 3232 729 3310 ranan
748 3209 842 3280 mole
858 3231 1030 3299 curarum,
1051 3210 1217 3284 Claudius
1233 3237 1293 3284 va-

237 3407 241 3416 ,
316 3326 471 3404 letudine
488 3330 631 3402 advers&
648 3327 843 3424 corripitur,
874 3327 1138 3428 refovendisque
1162 3331 1294 3404 viribus

217 3447 222 3455 ’
314 3450 465 3524 mollitie
482 3449 571 3540 caeli,
606 3453 640 3522 bc
672 3447 867 3522 salubritate
892 3477 1076 3547 aquarum,
1106 3449 1295 3526 Sinuessam

316 3571 442 3670 pergit.
491 3571 591 3643 Turn
618 3568 828 3667 Agrippina,
856 3565 990 3644 sceleris
1016 3570 1099 3650 olim
1116 3590 1220 3660 certa,
1258 3575 1293 3645 δι

273 3733 278 3738 ·
315 3677 442 3766 oblatae
458 3688 642 3765 occasionis
657 3699 818 3788 propera,
839 3714 903 3766 nec
919 3677 1153 3764 ministrorum
1169 3717 1289 3788 egens,

282 3826 284 3834 ’
316 3812 362 3886 de
379 3838 504 3911 genere
521 3809 645 3886 veneni
669 3808 899 3886 consultavit:
938 3820 966 3857 “
979 3837 1023 3886 ne
1050 3796 1230 3910 repentino
1256 3816 1298 3913 &¹
