3120 4860
443 387 753 461 Aun'nrrun
779 382 893 454 Lru.
919 381 1002 454 XV.
1096 395 1100 402 '
1165 407 1231 458 eor

262 559 440 638 emensum
475 563 543 636 effe
569 555 733 651 'Paetum,
766 557 905 638 desertis
941 559 1060 656 passim
1092 554 1235 644 saucii„

262 705 376 782 neque
399 681 515 758 minhs
540 679 737 781 deformem
765 681 862 754 illam
890 677 1103 776 fugientium
1130 676 1237 774 trepi-

205 855 207 865 κ
261 805 462 897 dationem,
479 805 588 902 quarn
614 806 636 876 sr
655 823 752 900 terga
768 801 803 874 in
821 799 895 874 acie
914 799 1098 872 vertissent.
1136 799 1234 890 xCor-

262 926 348 998 bulo
365 951 447 1000 cum
475 923 541 996 suis
569 923 680 1020 copiis
706 923 802 1019 apud
830 921 941 1018 ripam
959 918 1146 1018 Euphratis
1171 899 1235 992 ob'-

260 1045 353 1136 vius,
389 1071 461 1118 non
494 1070 572 1117 eam
604 1042 752 1140 speciem
782 1041 1237 1142 insignium&·armorum
1278 1121 1284 1134 Ι

147 1223 148 1230 κ
260 1165 424 1262 praetulit,
468 1183 508 1237 ut
546 1164 778 1238 diversitatem
817 1165 1051 1259 exprobraret.
1117 1161 1237 1236 Maesti

261 1285 455 1392 manipuli,
488 1311 527 1357 ac
561 1283 678 1368 vicem
711 1275 992 1358 commilitonum
1026 1281 1238 1372 miserantes,

259 1431 307 1478 ne
340 1404 489 1478 lacrimis
516 1405 661 1503 quidem
686 1395 903 1500 temperare:
952 1403 1018 1476 vix*
1056 1427 1126 1500 prae
1154 1406 1239 1478 fletu

261 1527 431 1624 usurpata.
455 1525 687 1600 consalutatio.
738 1527 934 1598 Decesserat
966 1543 1140 1596 certamen
1169 1524 1239 1598 vir-

184 1650 186 1658 '
246 1648 357 1738 'tutin
375 1651 408 1719 ἃ
429 1645 572 1720 ambitio
591 1645 731 1744 glori&
752 1644 908 1718 felicium
925 1643 1112 1718 hominum
1135 1645 1238 1720 affec·

238 1787 339 1840 tus:
367 1763 700 1864 sola·misericordia
724 1765 875 1856 valebat,
901 1769 935 1840 ὃς
963 1766 1058 1864 apud
1086 1765 1238 1842 minores

257 1888 381 1986 magis.
482 1970 485 1979 .
1248 1966 1251 1974 ἢ

191 2001 195 2078 J
308 2004 427 2084 XVII.
453 2010 606 2086 Ducunt
638 2008 727 2080 inter
760 2005 794 2078 se
822 2005 936 2078 brevis
961 2005 1074 2080 sermo
1102 2006 1237 2084 secutus

257 2130 320 2220 est,
339 2211 343 2220 .
364 2132 432 2202 hoc
465 2147 703 2224 conquerente
746 2123 927 2196 “irritum
956 2125 1135 2236 laborem:
1172 2158 1235 2228 po.

258 2258 288 2294 “
305 2250 404 2324 tuille
444 2249 579 2322 bellum
613 2243 699 2344 suga
735 2245 945 2354 l³arthorum
983 2243 1112 2318 finiri.''
1172 2252 1236 2341 Ille

258 2371 441 2466 “integra
471 2365 611 2464 utrique
639 2365 788 2440 cunsta'
818 2363 1009 2462 respondit,
1038 2371 1066 2408 “
1089 2391 1236 2449 conver·
1310 2400 1311 2404 ¹

195 2481 201 2504 '
246 2496 286 2581 ff
304 2508 415 2562 terent
438 2487 584 2586 aquilas,
609 2491 642 2560 ὃς
658 2484 773 2585 juncti
790 2484 995 2560 invaderent
1012 2487 1254 2581 Armeniam,¹

257 2619 284 2655 “
303 2609 454 2685 abscessu
488 2611 667 2707 Vologesis
699 2607 966 2682 infirmatam.''‘
1015 2613 1044 2650 “
1074 2611 1161 2682 Non
1196 2637 1237 2685 ea

255 2729 520 2829 “Imperatoris
547 2732 674 2804 habere
690 2731 892 2820 mandata,''
918 2730 1097 2804 Corbulo:
1129 2739 1157 2775 “
1175 2758 1237 2830 pe-

256 2859 285 2896 “
304 2853 416 2926 riculo
435 2851 616 2950 legionum
635 2870 870 2941 commotum,
896 2875 915 2923 e
932 2833 1107 2948 provincis
1124 2855 1235 2952 egres-

257 2980 285 3016 “
302 2971 391 3045 sum.
441 2973 596 3070 Qtando
612 2970 648 3044 in
664 2971 800 3045 incerto
818 2973 1011 3045 habeantur
1028 2955 1237 3050 Parthorum

255 3100 283 3137 “
303 3111 460 3184 conatus,
487 3092 619 3188 Syriam
638 3091 876 3189 repetiturum:
927 3092 981 3166 Sic
1000 3121 1143 3194 quoque
1170 3119 1235 3194 op-

256 3220 284 3258 “
298 3213 425 3287 cimam
455 3212 631 3288 fortunam
660 3214 844 3304 orandam,
870 3232 909 3286 ut
926 3215 1032 3310 pedes
1056 3211 1236 3292 confectus

198 3335 201 3340 ’
255 3333 414 3432 “spatiis
444 3333 620 3424 itinerum,
651 3335 802 3418 alacrem
831 3339 865 3408 δε
899 3331 1061 3410 facilitate
1090 3362 1235 3436 campo·

254 3463 282 3500 “
299 3481 379 3530 rum
422 3454 693 3552 praevenientem
728 3455 901 3553 equitem
938 3454 1236 3553 adsequeretur?¹

253 3578 349 3652 Exin
380 3579 496 3652 Paetus
525 3599 585 3674 per
625 3567 888 3674 Cappadociam
926 3576 1132 3651 hibernavit.
1183 3584 1236 3654 At

252 3699 431 3796 Vologesis
461 3697 506 3769 ad
535 3687 777 3771 Corbulonem
799 3697 887 3770 misfi
902 3696 1037 3787 nuntii,
1077 3705 1105 3740 ‘⁴
1119 3699 1231 3774 detra·
1321 3681 1324 3691 ι

254 3822 281 3861 “
300 3819 396 3920 heret
423 3818 561 3894 castella
579 3837 673 3892 trans
693 3817 910 3917 Euphraten,
936 3815 1161 3917 amnemque,
1193 3815 1235 3894 ut
