3120 4860
427 389 983 498 Auunaruqua.XV1.
1060 416 1064 428 “
1140 415 1207 492 25¹

292 571 373 674 VII.
398 569 583 646 Monrau
599 569 775 666 Poppaeae,
795 560 842 644 'ut
860 570 975 666 palam
990 565 1135 655 tristem,
1164 565 1213 642 ita

241 690 498 770 recordantibus
515 691 645 780 latam,
673 691 721 764 ob
746 688 1000 788 impudicitiam
1023 685 1093 786 ejus
1116 685 1213 768 saevi·

239 815 409 911 namque,
436 813 529 886 nova
561 809 699 907 insuper
724 809 853 886 invidia
886 811 983 886 Nero
1009 806 1212 906 complevit,

241 932 459 1033 prohibendo
476 932 518 1006 C.
535 931 686 1009 Casfium
704 930 818 1006 officio
835 927 1071 1026 exsequiarum
1088 957 1097 1006 t
1118 929 1215 1025 quod

243 1054 396 1152 primum
412 1051 582 1124 indicium
597 1037 692 1140 mali,
718 1063 832 1147 neq'ue
848 1050 884 1122 in
906 1052 1053 1148 longum
1067 1049 1216 1127 dilatum

239 1175 300 1253 cst.
336 1173 405 1248 Sed
417 1171 549 1246 Silanus
567 1169 726 1266 additur:
751 1172 850 1246 nullo
867 1169 1100 1259 criminant
1119 1163 1215 1268 quiid

239 1294 371 1369 Caffius
387 1290 514 1387 opibus
536 1289 691 1380 vetustis,
718 1291 938 1388 &gravitate
955 1315 1109 1381 morum,
1131 1275 1215 1366 Sila-

240 1438 306 1490 nus
327 1410 530 1490 claritudine
547 1410 693 1508 generis,
714 1410 926 1492 &modesta
946 1408 1105 1509 juventa,
1127 1435 1216 1508 prae-

239 1533 424 1610 cellebant.
465 1530 578 1630 Igitur
594 1531 692 1606 missa
709 1533 755 1604 ad
771 1531 925 1608 senatum
937 1530 1105 1620 oratione,
1123 1535 1151 1574 “
1163 1555 1217 1606 re·
1301 1611 1306 1616 ,

244 1659 273 1699 “
290 1651 484 1726 mdvendos
502 1651 709 1748 arepublicd
725 1649 912 1747 utrosque”
927 1649 1090 1724 differuit.
1141 1651 1216 1726 Ob·

232 1768 446 1876 jcdlavitque
470 1772 596 1861 Caffio,
626 1777 654 1814 “
672 1769 769 1868 quiid
801 1769 891 1848 inter
912 1769 1081 1867 imagines
1109 1766 1230 1866 majo-¹

240 1898 270 1938 “
286 1917 377 1981 rum,
404 1891 508 1966 etiam
533 1891 574 1970 C.
599 1890 700 1966 caffii
719 1891 873 1988 effigiem
897 1890 1066 1980 coluiffet‚
1096 1889 1142 1969 ita
1165 1891 1219 1966 in-

240 2019 268 2058 “
284 2011 469 2112 scriptam:
517 2035 614 2084 puer
653 2033 851 2084 ananau.
916 2009 1063 2108 Qippe
1091 2010 1218 2092 semina

241 2131 369 2206 “belli
394 2129 518 2219 civilis,
549 2127 838 2222 &fidefeciioncm
863 2152 884 2198 a
911 2128 1019 2202 durno
1042 2128 1216 2204 Caesanrm

240 2259 270 2302 “
288 2253 479 2349 quaefitam.
526 2253 583 2324 Ac
607 2273 650 2320 ne
667 2247 835 2324 memorii
852 2248 989 2322 tantum
1008 2246 1127 2322 infensi
1152 2278 1216 2324 no.

240 2377 269 2419 “
288 2368 391 2444 minis
407 2370 453 2445 ad
469 2367 653 2444 discordias
670 2385 837 2458 uteretur,
865 2366 1084 2466 adsumpsrffe
1101 2371 1148 2444 L.
1164 2370 1216 2442 Si·
1328 2398 1329 2402 ¹

240 2498 270 2536 “
287 2493 420 2580 lanum,
442 2487 612 2586 juvenem
637 2514 761 2588 genere
782 2488 953 2579 nobilem,
978 2488 1097 2565 animo
1126 2517 1215 2588 prae·

200 2679 202 2684 ,
240 2619 270 2666 “
286 2632 444 2720 ruptum,
463 2635 570 2708 quern
584 2609 684 2686 novis
702 2611 804 2686 rebus
818 2608 1040 2686 ostentaret.”

286 2734 382 2808 Vlll.
408 2735 530 2810 Insunt
553 2732 680 2818 dehinc
703 2732 857 2840 Silanum
881 2732 1054 2830 increpuit
1078 2732 1214 2825 iisdem,

227 2852 368 2950 'quibua
385 2873 547 2949 patruum
564 2850 634 2951 ejus
645 2854 882 2956 Torquatum,
910 2861 938 2896 “
956 2875 1136 2959 tamquam
1149 2854 1216 2930 dis·

240 2979 427 3070 “poneret
447 2972 524 3071 jam
541 2973 677 3071 imperii
694 2999 804 3063 curas,
829 2977 1091 3072 praeficeretque
1113 2976 1215 3050 ratio,

240 3099 270 3136 “
288 3091 405 3182 nibus,
430 3099 465 3168 δι
484 3094 620 3184 libellis,
646 3099 680 3168 δι
705 3094 857 3193 epistolis
885 3095 1024 3170 libertos
1038 3098 1073 3181 ;'’
1102 3095 1218 3172 inania

148 3295 151 3302 ,
239 3216 338 3292 sunul
356 3219 389 3288 δι
405 3213 508 3290 falsa:
537 3241 620 3290 nam
635 3215 767 3291 Silanus
782 3214 945 3292 intentior
962 3235 1073 3304 metu,
1092 3218 1125 3290 δι
1142 3215 1216 3292 exi-

210 3334 288 3410 ·tio
311 3335 421 3440 patrui
449 3335 494 3410 ad
521 3337 790 3432 praecavendum
819 3335 998 3413 exterritus
1022 3356 1107 3414 erat.
1156 3341 1216 3412 ln,

238 3453 335 3533 ducit
349 3454 492 3560 posthac
514 3457 689 3532 vocabulo
706 3455 879 3546 indicum,
898 3455 1008 3552 quiin
1026 3455 1216 3556 Lepidam,

238 3575 340 3652 caffii
368 3603 530 3667 uxorem,
562 3576 667 3652 Silani
695 3576 854 3666 amitam,
893 3576 1106 3652 “incestum
1134 3601 1217 3656 cum

202 3673 213 3696 ’
240 3693 399 3772 “fratris
423 3696 497 3773 filio
527 3699 561 3772 δι
584 3697 679 3772 diros
704 3695 879 3770 sacrorum
903 3696 1010 3770 ritus’'
1035 3695 1215 3794 conling'e-
1324 3757 1331 3772 .

239 3835 325 3902 lenti
375 3817 635 3909 Trahebantur,
665 3837 704 3896 ut
734 3815 873 3910 conscii,
904 3816 1083 3900 Vulcatius
1102 3815 1217 3900 Tulli·
1310 3878 1313 3885 ι
