3120 4860
273 380 276 393 Ι
350 405 422 505 ²5⁶
563 388 1143 478 cconnrrtrsnarrr

347 603 416 676 que
431 575 580 650 nescium
593 579 757 668 habebat,
772 576 938 652 Anteium
955 578 1091 656 caritate
1105 568 1326 677 Agrippina!

345 695 490 770 invisum
514 698 664 788 Neroni,
689 698 839 796 opesque
856 697 926 795 ejus
943 699 1129 797 praecipuas
1153 700 1197 772 ad
1221 696 1324 771 elici⁴

344 815 470 888 endam
487 817 702 914 cupidinem,
734 819 1041 916 eamquecausam
1066 818 1184 892 multis
1209 816 1321 890 exitio

342 937 420 1008 esse.
470 937 580 1034 Igitur
595 937 788 1037 interceptis
805 939 923 1012 Anteii
941 939 1056 1028 literis,
1071 937 1200 1012 furatus
1213 936 1319 1009 eriam

344 1056 492 1148 libellos,
506 1059 632 1155 quibus
649 1060 720 1134 dies
739 1059 897 1158 genitalis
914 1057 999 1158 ejus,
1027 1063 1247 1146 &eventura
1265 1054 1316 1128 se-

343 1177 444 1250 cretis
484 1180 687 1256 Pammenis
719 1183 994 1269 occultabantur,
1031 1181 1131 1252 simul
1162 1177 1316 1274 repertis,

345 1323 424 1396 quae
447 1299 492 1372 de
525 1320 600 1374 ortu
624 1301 762 1398 vitaque
788 1300 914 1374 Ostorii
945 1301 1100 1397 Scapulae
1132 1300 1318 1394 compofita

342 1439 450 1510 erant,
477 1419 592 1494 scribit
614 1422 657 1494 ad
684 1421 893 1518 Principem,
924 1428 951 1462 “
969 1445 1096 1517 magna
1112 1412 1158 1508 se,
1188 1421 1314 1515 &quae
1369 1421 1371 1430 '

346 1539 619 1614 “incolumitati
661 1539 730 1636 ejus
773 1541 1019 1628 conducerent,
1057 1541 1263 1627 adlaturum,
1294 1540 1317 1609 fi

345 1662 532 1731 “brevem
566 1659 673 1730 exfilii
706 1659 843 1730 veniam
876 1657 1135 1753 impetravisset:
1188 1657 1318 1754 quippe

344 1777 557 1850 “Anteium
589 1783 621 1848 δε
638 1777 814 1849 Ostorium
843 1775 1026 1848 imminere
1052 1779 1167 1864 rebus,
1200 1783 1234 1850 δι
1259 1755 1322 1852 sua

344 1906 372 1941 “
391 1893 596 1991 Caesarisque
626 1895 695 1967 fata
717 1891 894 1968 scrutari.''
954 1895 1047 1966 Exin
1075 1895 1183 1968 miffae
1205 1897 1319 1970 libur-

291 2107 297 2124 .
342 2017 445 2106 nicae,
473 2015 727 2111 advehiturque
761 2014 906 2112 propere
940 2017 1104 2088 Sosianus.
1154 2021 1209 2089 Ac
1236 2018 1321 2089 vul-

344 2158 426 2236 gato
455 2134 524 2235 ejus
557 2134 702 2224 indicio,
730 2134 818 2207 iuter
846 2136 1026 2208 damnatos
1044 2135 1181 2233 magis,
1207 2137 1318 2234 quam

297 2327 303 2346 ,
340 2259 430 2332 inter
452 2282 541 2346 reos,
560 2255 705 2328 Anteius
725 2253 946 2354 Ostoriusque
968 2258 1210 2336 habebantur:
1229 2257 1317 2330 adeo

342 2377 386 2452 ut⁴
402 2379 644 2452 testamentum
667 2375 784 2448 Anteii
813 2402 917 2448 nemo
939 2377 1142 2474 obfignaret,
1171 2377 1229 2450 nist
1252 2378 1317 2450 Ti-

345 2499 493 2597 gellinus
522 2497 640 2568 auctor
670 2495 855 2568 exstitisset.
904 2497 1063 2570 Monitus
1091 2498 1183 2594 prius
1205 2502 1315 2570 Ante⁶

344 2619 413 2709 ius,
444 2623 471 2660 “
489 2641 533 2688 ne
556 2615 727 2712 supremas
761 2617 896 2688 tabulas
921 2620 1146 2690 moraretur.''
1194 2622 1319 2714 Atque

275 2825 277 2836 Ι
342 2740 415 2829 ille,
433 2735 554 2811 hausto
569 2760 716 2824 veneno,
735 2735 932 2808 tarditatem
955 2735 1024 2834 ejus
1043 2736 1194 2834 perosus,
1211 2737 1316 2810 inter-

347 2861 419 2932 cifis
438 2855 549 2945 venis,
567 2843 724 2928 'mortem
743 2857 996 2954 adproperayit.

391 2981 472 3052 XV.
497 2976 908 3074 Osrontuslonginquis
924 2963 960 3049 in
977 2979 1081 3076 agris,
1099 2981 1191 3078 apud
1208 2981 1316 3054 finem

343 3099 534 3196 Ligumm,
565 3097 601 3170 id
627 3097 793 3194 temporis
811 3118 899 3170 erat:
935 3095 977 3171 eb
1000 3099 1120 3176 missus
1149 3101 1316 3191 centurio,

345 3219 407 3316 qui
432 3220 564 3290 caedem
589 3214 661 3314 ejus
688 3237 884 3292 maturaret.
934 3219 1043 3291 Causa
1066 3220 1246 3293 festinandi
1272 3247 1319 3294 ex

229 3417 234 3421 ,
343 3335 588 3427 moriebatur,
620 3337 715 3435 qubd
737 3338 891 3412 Ostorius
913 3341 1022 3412 mult&
1037 3340 1182 3424 ,militari
1208 3338 1315 3430 sama,

345 3466 379 3532 bc
397 3457 543 3531 civicam
561 3483 726 3531 coronam
748 3459 841 3556 apud
859 3459 1069 3534 Britanniam
1087 3461 1243 3550 meritus,
1262 3461 1315 3532 in-

345 3578 439 3678 genti
463 3579 616 3675 corporis
634 3581 771 3669 robore,
798 3607 1046 3678 armorumque
1061 3579 1212 3670 scientia,
1243 3608 1318 3655 me·
1331 3612 1345 3628 ⁵

344 3722 421 3774 tum
432 3698 566 3774 Neroni
581 3698 718 3789 fecerat,
734 3725 777 3772 ne
790 3700 966 3774 invaderet
985 3701 1152 3798 pavidum
1169 3699 1318 3797 semper,

345 3828 379 3896 δι
407 3823 538 3918 reperta
562 3844 671 3915 nuper
697 3797 930 3918 conjuratione
960 3821 1071 3919 magis
1100 3820 1317 3895 exterritum.
