3076 4868
462 407 777 478 Annatturr
811 402 1035 478 mxu
1195 435 1239 509 55

303 577 428 656 XXX.
452 583 529 656 san
558 584 756 676 Jazrens,
781 580 972 654 obfidionis
999 579 1238 675 impatientes,

144 741 150 748 -
257 700 291 775 br
329 702 511 800 proximos
545 727 608 799 per
640 727 785 797 campos
814 701 912 799 vagi,
953 701 1239 776 ueceffitudinem

258 847 390 921 pugne
423 824 583 914 attulere,
621 822 705 920 quia
736 821 861 920 Ligius
894 821 1242 919 Hermundurusqoe

256 943 327 1020 illic
358 944 572 1044 ingruerant.
631 942 743 1040 Igitur
769 943 944 1039 degreffus
975 941 1123 1014 cistulis
1143 945 1238 1016 Van·

254 1063 348 1153 nius,
366 1062 526 1138 funditur
547 1062 697 1160 proelio:
724 1086 939 1159 quamquam
964 1065 1068 1135 rebus
1092 1065 1240 1138 adverfir

256 1185 432 1274 laudatus,
459 1192 487 1230 “
505 1181 603 1280 qubd
632 1187 666 1256 δι
693 1208 850 1279 pugnam
877 1207 983 1255 manu
1010 1181 1174 1278 aperiit,
1204 1189 1240 1257 dr

258 1310 285 1346 “
305 1329 453 1400 corpore
469 1302 611 1376 adverso
628 1305 774 1376 vulnera
793 1302 966 1399 excepit.”
1013 1303 1179 1376 Ceterum
1193 1306 1240 1378 ad

258 1423 415 1513 claffem,
445 1423 481 1494 in
498 1423 663 1496 Danubio
684 1423 943 1520 opperientem,
968 1419 1132 1518 perfugit.
1179 1427 1239 1498 Se·

257 1544 330 1618 cuti
347 1568 437 1618 mox
453 1543 609 1634 clientes,
635 1548 670 1616 δι
694 1543 844 1640 acceptis
867 1541 974 1640 agris,
1003 1542 1040 1614 in
1058 1543 1239 1618 Pannon'u

255 1663 359 1737 locati
390 1663 479 1737 sunt.
530 1667 698 1762 Regnum
723 1659 868 1762 ¹Vangio
898 1687 939 1735 ac
970 1661 1055 1734 Sido
1087 1662 1178 1736 inter
1204 1665 1240 1738 se

255 1785 438 1882 partivere,
477 1785 620 1884 egregia
643 1785 809 1858 adversita
837 1811 900 1858 nos
925 1787 1020 1862 fide:
1060 1782 1235 1880 subjeetis,

252 1901 372 1998 suone,
407 1933 454 1980 an
486 1905 612 1980 servitii
644 1905 805 2004 ingenio,
843 1907 931 1978 dum
963 1904 1236 2002 adipiscerentur

251 2026 522 2119 dominationes,
557 2029 667 2102 multa
697 2025 852 2114 caritate,
892 2030 928 2098 br
966 2023 1097 2122 majore
1134 2029 1234 2119 odio,

181 2143 183 2148 ’
225 2147 437 2244 'postquam
453 2147 573 2244 adepti
590 2145 679 2220 sunt.

261 2297 263 2304 ·
299 2269 439 2342 XXXI.
482 2273 543 2341 Ar
581 2291 626 2339 ru
660 2265 835 2340 britannie
862 2269 903 2338 P.
936 2265 1127 2357 Ostorium,
1157 2293 1236 2364 pro-

253 2408 456 2484 praetorem,
484 2385 633 2462 turbidae
650 2413 702 2461 res
718 2389 902 2486 excepere,
930 2387 1043 2462 effusis
1059 2386 1096 2461 in
1113 2413 1239 2486 agrum

253 2507 427 2582 sociorum
462 2508 632 2599 hostibus,
666 2507 709 2582 eb
743 2509 941 2599 violentius,
976 2507 1074 2607 quod
1102 2535 1236 2586 novum

108 2627 111 2635 ’
160 2685 166 2694 .
248 2630 393 2720 ducem,
420 2630 574 2704 exercitu
595 2631 732 2730 ignoto,
759 2636 793 2705 br
809 2635 927 2729 coepte
951 2630 1079 2721 bieme,
1102 2630 1235 2718 iturum

248 2751 393 2826 obviarn
421 2777 493 2825 non
519 2754 692 2826 rebantur.
743 2753 807 2825 Ille
833 2777 959 2850 gnarus
984 2751 1106 2848 primis
1128 2777 1236 2828 even·

251 2868 346 2970 tibus
373 2893 508 2946 metum
531 2893 590 2946 aut
616 2872 785 2946 fiduciam
813 2872 926 2970 gigni,
962 2872 1048 2948 citas
1075 2874 1236 2950 cohortes

251 2989 363 3087 rapit:
383 2995 520 3064 &eaefis
537 2994 597 3089 qui
614 2994 815 3082 restiterant,
833 2992 992 3092 disjeebos
1008 2993 1235 3085 consectatus,
1309 2983 1316 2996 “
1345 3071 1348 3079 ,

230 3115 235 3133 '
252 3133 298 3183 ne
314 3107 424 3185 rursus
440 3113 743 3210 conglobarentur,
762 3112 962 3213 infensaque
986 3119 1020 3188 δι
1037 3114 1146 3188 infida
1164 3110 1235 3214 pax

93 3271 100 3284 ·
252 3255 326 3304 non
346 3229 444 3322 duci,
468 3255 540 3304 non
556 3232 670 3324 militi,
688 3235 847 3333 requiem
865 3235 1092 3333 permitteret,
1119 3238 1235 3310 detra·

252 3353 336 3425 here
357 3375 455 3451 arma
481 3349 654 3450 suspedis,
683 3354 881 3455 cindosque
908 3355 1023 3432 castris
1052 3362 1234 3435 Aaronem
1306 3433 1313 3444 ,

250 3477 286 3548 br
303 3473 498 3562 Sabrinam,
518 3473 656 3564 fluvios,
672 3476 834 3550 cohibere
852 3497 958 3574 parat.
1007 3476 1120 3573 Qod
1132 3475 1236 3574 primi

251 3594 346 3682 ieeui
369 3597 538 3684 abnuere,
569 3595 683 3668 valida
713 3623 811 3696 gens,
840 3621 911 3672 vnec
929 3596 1062 3694 proeliis
1086 3601 1233 3686 contuli,

252 3713 333 3812 quia
352 3713 550 3824 societatem
573 3717 722 3792 nostram
744 3721 897 3792 volentes
913 3720 1142 3791 accefferant:
1167 3713 1233 3788 his-

221 3820 230 3847 i
253 3859 322 3932 que
343 3835 555 3930 meroribus,
581 3835 810 3935 circumjeerae
834 3839 988 3914 nationes
1004 3840 1123 3912 locum
1142 3859 1231 3932 pug-

713 3961 744 4031 E
761 3985 786 4051 4
