3126 4864
448 393 752 464 Auunnrunt
782 393 896 464 Lta.
918 389 1017 464 XIV.
1167 413 1231 492 173

270 556 468 663 “patribus
493 569 723 664 postularam..
750 569 806 639 Et
830 592 893 663 pro
918 563 1158 666 magnitudine
1173 567 1235 641 de·

268 693 297 730 “
315 687 401 778 fieti,
432 707 573 784 poenam
589 686 686 760 statui
703 712 763 784 par
779 686 902 760 fuisse:
929 687 1082 760 ceterum
1099 684 1144 774 se,
1176 685 1238 783 qui
1298 727 1302 744 ι

268 807 527 882 “severitatem
560 807 819 887 decernentium
852 807 1079 910 impediturus
1121 803 1236 896 fiterit,

270 929 590 1002 “moderationem
636 953 708 1000 non
741 928 947 1024 probibere:
983 927 1166 1006 statuerent
1197 945 1238 1000 ut

267 1055 298 1100 ‘-‘
316 1051 469 1120 vellent:
508 1049 626 1122 datam
658 1047 764 1120 etiam
796 1046 992 1121 absolvendi
1025 1047 1238 1120 licentiam?
1311 1077 1317 1090 ·

267 1168 341 1241 His
352 1189 457 1265 atque
474 1167 601 1241 talibus
618 1167 777 1259 recitatis,
798 1172 832 1240 ὅτ
846 1169 1028 1241 offensione
1046 1165 1237 1257 manifesta,
1257 1203 1261 1222 ι

266 1313 342 1360 non
370 1287 450 1360 ideo
477 1307 536 1360 aut
558 1286 710 1360 consules
723 1335 725 1344 ι
740 1289 916 1360 mutavere
939 1289 1152 1377 relationem,
1179 1306 1239 1361 aur
1328 1309 1330 1324 ’

267 1387 419 1480 Thrasea
446 1409 582 1488 decessit
607 1401 784 1496 sententia,
815 1407 976 1498 ceterive,
1004 1435 1081 1505 quae
1111 1409 1238 1504 proba-

270 1538 404 1617 verant,
433 1525 631 1599 deseruere:
665 1551 753 1623 pars,
783 1551 827 1598 ne
857 1524 1052 1624 Principem
1080 1524 1240 1625 objecisse

268 1644 407 1716 invidiae
428 1645 649 1731 viderentur3
677 1647 789 1743 plures
812 1671 959 1719 numero
973 1647 1065 1733 tuti3
1089 1647 1240 1720 Thrasea

268 1762 359 1847 sueta
376 1764 590 1847 firmitudine
604 1764 724 1855 animi,
745 1769 779 1838 sc
801 1791 845 1838 ne
862 1767 971 1863 gloria
986 1765 1215 1840 intercideret.
1302 1785 1305 1792 ’

316 1888 363 1963 L.
400 1887 527 1959 Hnun
556 1886 681 1983 dispari
707 1883 852 1958 crimine
884 1887 1064 1960 Fabricius
1092 1885 1239 1984 Vejento

268 2005 482 2080 conflittatus
499 2005 562 2093 est,
591 2013 618 2048 “
638 2004 736 2101 qubd
759 2005 919 2080 multa&
948 2007 1108 2098 probrosa
1124 2006 1159 2079 in
1175 2029 1239 2104 pa·

270 2132 299 2170 “
316 2145 381 2198 tres
398 2128 432 2196 le
448 2122 645 2196 sacerdotes.
660 2119 914 2216 composuisset,
942 2120 991 2206 iis¹
1001 2121 1097 2195 libris
1114 2125 1241 2220 quibus

270 2252 300 2296 ⁶‘
319 2269 448 2318 nomen
465 2245 666 2314 codicillorum
683 2241 857 2320 dederat.''
908 2237 1104 2337 Adjiciebat
1119 2244 1240 2318 Talius

268 2363 457 2451 Geminus,
485 2359 669 2450 accusator,
704 2359 925 2446 “venditata
950 2361 995 2434 ab
1024 2385 1068 2432 eo
1099 2341 1243 2436 munera
1278 2388 1279 2392 ’
1308 2399 1312 2406 ·

270 2491 299 2528 “
316 2481 502 2579 Principis,
539 2486 573 2554 δι
605 2478 905 2577 adipiscendorum
933 2480 1108 2552 honorum
1133 2478 1240 2578 jus:”

270 2619 361 2702 quae'
378 2601 476 2676 causa
503 2604 637 2708 Neroni
662 2597 726 2673 suit
751 2598 953 2697 suscipiendi
974 2597 1122 2697 judicii:
1153 2627 1237 2674 con-

268 2725 472 2822 victumque
499 2719 729 2819 Vejentoncm
758 2721 855 2794 Italia
884 2720 1033 2817 depulit,
1068 2725 1103 2794 δι
1134 2721 1241 2797 libros

271 2841 493 2940 exurijusfit,
519 2840 728 2938 conquisitos
746 2839 993 2938 lectitatosque,
1018 2842 1132 2922 donee
1155 2867 1240 2916 cum

272 2961 426 3060 periculo
443 2963 670 3058 parabantur:
696 2985 782 3034 mox
807 2959 947 3033 licentia
961 2961 1129 3052 habendi,
1148 2962 1239 3036 obli·

268 3081 414 3155 ·vionem
429 3079 551 3152 attulit.

319 3205 384 3275 Ll.
408 3203 483 3274 sn>
502 3199 774 3296 gravescentibus
801 3200 837 3273 ln
860 3201 934 3278 dies
952 3202 1099 3301 publicis
1126 3203 1239 3293 malis,

269 3322 417 3398 subsidia
449 3319 715 3394 minuebantur:
753 3324 984 3420 concessitque
1003 3322 1074 3394 vital
1101 3325 1241 3411 Burnu,

268 3443 442 3536 incertum
457 3440 667 3529 valetudine,
685 3465 729 3513 an
746 3467 893 3515 veneno.
943 3443 1116 3516 Valetudo
1132 3467 1176 3515 ex
1197 3467 1241 3516 eo

268 3561 538 3661 conjestabatun
558 3542 652 3658 qubd
672 3559 757 3633 inse
778 3558 1046 3636 tumescentibus
1063 3562 1243 3659 paullatim

271 3680 428 3756 faucibus
461 3686 495 3754 ὅ(
533 3679 703 3777 impedito
735 3701 864 3771 meatu,
898 3680 1056 3780 spiritum
1088 3683 1241 3761 finiebat.

270 3803 390 3892 Plures
400 3799 493 3899 jussu
507 3799 672 3892 Neronis,
691 3804 788 3899 quast
801 3800 994 3876 remedium
1009 3801 1244 3898 adhiberetur,
