3120 4860
428 351 879 470 natumnatum.
908 394 991 467 XV.
1144 421 1215 496 205

292 575 413 648 ΧΧΙΙ.Ι
453 577 609 648 Maono
653 570 794 648 adsensu
828 573 1009 647 'celebrata
1041 568 1219 648 sententia.

141 759 143 767 ,
242 695 329 767 Non
345 713 463 768 tamen
479 689 811 769 senatusconsultum
845 692 966 792 perfici
999 693 1126 792 potuit,
1155 696 1219 767 ab·
1284 707 1292 717 “

242 815 427 890 nuentibus
443 815 641 889 consulibus
667 823 694 859 “
708 818 748 890 ela
763 798 860 889 de'r‘e
876 817 1058 890 relatum.”
1107 818 1219 906 Mox,

240 937 381 1010 auclore
397 937 570 1034 Principe,
588 935 743 1042 sanxere,
756 947 759 964 '
771 943 799 1040 ‘f
815 963 859 1009 ne
875 937 951 1034 quis
969 937 1014 1009 ad
1030 935 1221 1011 concilium

242 1055 461 1164 “sociorum
490 1056 640 1148 referret,
671 1058 823 1156 agendas
852 1034 946 1156 apud
963 1057 1120 1132 senatum
1137 1085 1220 1156 pro-

241 1182 271 1222 “
289 1177 496 1274 praetoribus
530 1172 837 1275 proveconsulibus
866 1197 993 1276 grates,
1034 1203 1104 1251 neu
1140 1161 1220 1277 quis

244 1302 272 1338 ‘⁶
289 1299 329 1368 ea
356 1297 529 1394 legatione
558 1295 798 1396 fungeretui.’'
857 1297 983 1390 lisdem
1007 1297 1219 1392 consulibus,

151 1445 159 1478 τ
243 1420 464 1514 gymnafium
482 1417 553 1491 ictu
571 1417 725 1490 fulminis
743 1419 986 1516 conflagravit,
1020 1419 1220 1518 effigiesque

209 1527 211 1535 ’
239 1535 276 1608 in
293 1561 336 1608 eo
352 1537 505 1610 Neronis
522 1538 566 1609 ad
583 1535 730 1610 informe
747 1563 792 1611 aes
809 1538 1007 1636 liquefacta.
1051 1543 1098 1613 Et
1118 1560 1221 1614 motu

239 1675 354 1746 terrae,
396 1659 531 1730 celebre
571 1657 773 1754 Campaniae
815 1659 1000 1756 oppidum,
1043 1660 1217 1758 Pompeii,

240 1780 368 1875 magna
384 1803 428 1850 ex
447 1797 541 1874 parte
559 1778 703 1874 proruit.
754 1779 1000 1879 Desunclaque
1016 1781 1117 1880 uirgo
1135 1781 1219 1856 ves:

238 1897 313 1970 talis
330 1898 521 1989 Laelia,1n
550 1898 649 1996 'cujus
679 1901 798 1973 locum
831 1902 994 2005 Cornelia
1017 1927 1063 1975 ex
1087 1899 1219 1976 familia
1308 1967 1311 1978 t
1379 1891 1383 1900 ’

237 2019 425 2092 Cossorum
449 2038 551 2116 capta
575 2020 636 2093 est.

275 2141 426 2214 XXIII.
462 2141 647 2212 Manum
681 2140 826 2236 Regulo
857 2142 891 2211 &
919 2138 1088 2236 Verginio
1117 2065 1217 2216 Ruso

238 2259 449 2350 consulibus,
484 2280 603 2331 natam
632 2257 695 2332 fibi
721 2285 766 2332 ex
781 2259 946 2356 Poppaea
980 2259 1088 2334 filiam
1121 2263 1218 2342 Nero
1314 2246 1318 2252 ¹

238 2383 327 2453 ultra
344 2381 489 2453 mortale
508 2379 676 2478 gaudium
693 2379 838 2478 accepit,
862 2379 1121 2480 appellavitque
1147 2383 1218 2454 Au·
1311 2401 1312 2405 ’

233 2505 369 2598 gustam,
387 2501 523 2576 dato&
541 2503 701 2599 Poppaeae
721 2503 846 2575 eodem
866 2521 1115 2600 cognomento.
1141 2505 1218 2576 Lo-

238 2648 298 2697 cus
316 2621 495 2720 puerperio
513 2623 649 2696 colonia
666 2622 815 2696 Antium
832 2617 912 2713 suit,
931 2622 994 2696 ubi
1019 2621 1089 2720 ipse
1111 2647 1233 2722 geno,

208 2727 329 2817 'ratus
361 2764 444 2818 erat.
511 2747 592 2840 Janr
631 2743 766 2818 senatus
803 2750 831 2820 ‘.‘
854 2763 995 2818 uterum
1029 2745 1218 2840 Poppaeae”

238 2866 546 2937 commendaverat
562 2864 646 2954 diis2
672 2883 826 2962 votaque
843 2864 983 2963 publice
1007 2863 1214 2961 susceperat:
1312 2891 1317 2896 ·

238 3009 318 3081 quae
335 2984 576 3082 multiplicata,
596 2983 834 3082 exsolutaque.
887 2988 933 3057 Et
949 2984 1075 3082 additae
1099 2992 1126 3027 “
1137 2982 1217 3081 sup-

238 3113 266 3147 “
285 3103 501 3202 plicationes,
520 3106 765 3204 templumque
782 3105 1017 3196 Fecunditati,
1047 3111 1081 3181 &
1107 3125 1216 3179 certa·

188 3303 201 3321 ,
239 3233 266 3268 “
285 3251 367 3298 men
396 3222 440 3299 ad
470 3229 651 3324 exemplar
681 3227 834 3302 Astiacae
863 3227 1062 3326 religionis''
1098 3228 1217 3301 decre-

237 3366 315 3420 tum
333 3375 341 3418 :
372 3353 399 3390 “
417 3365 526 3444 utque
552 3349 785 3422 Fortunarum
803 3348 933 3448 effigies
949 3373 1061 3423 aureae
1077 3347 1114 3422 in
1131 3347 1217 3424 solio
1283 3343 1288 3353 ⁵

158 3453 177 3489 ⁵
237 3476 264 3513 “
283 3467 472 3566 Capitolini
488 3469 587 3564 Jovis
606 3471 824 3544 locarentur:
852 3453 1025 3545 ludicrum
1041 3469 1215 3561 Circense,

72 3631 77 3638 -
142 3611 148 3636 ¹
238 3596 265 3632 “
284 3611 322 3663 ut
340 3589 442 3686 Juliae
462 3590 558 3690 genti
577 3589 850 3688 apud-Bovillas,
876 3590 924 3682 ita
952 3590 1109 3666 Claudiae
1138 3593 1216 3664 Do-

239 3718 266 3756 “
285 3711 463 3820 mitiaeque
480 3711 574 3808 apud
594 3709 744 3784 Antium
774 3711 932 3784 ederetur
948 3713 985 3784 :''
1010 3737 1089 3809 quae
1115 3715 1215 3785 lluxa
1241 3777 1244 3788 .

237 3829 346 3924 suere,
378 3849 541 3931 quartum
573 3831 664 3909 intra
697 3831 850 3906 mensem
882 3829 1045 3908 defuncta
1074 3831 1214 3906 infante.
