3120 4860
419 397 987 493 Aunnaro'ntLraXVl.
1133 411 1202 504 267

170 631 175 651 ι
238 590 269 629 “
286 589 393 660 narn?
421 589 563 684 quando
582 593 615 660 ὅτ
633 587 705 675 ille,
736 585 876 684 perinde
893 585 1072 672 innocens,
1096 584 1206 658 Tibe-

237 707 323 780 “rii
351 707 478 797 saevitis
506 707 717 781 concidisset.
780 706 970 779 Enimvero
992 707 1208 778 Montanum

238 834 265 870 “
284 830 401 924 probae
427 826 597 926 juventae,
624 852 742 924 neque
770 825 888 898 famosi
917 823 1091 914 carminis,
1127 824 1209 922 quia
1238 891 1240 895 .

167 957 182 1046 J
237 947 465 1044 “protulerit
491 947 685 1044 ingenium,
711 966 886 1019 extorrem
910 943 1004 1042 agi.’'
1076 1001 1084 1009 .

285 1069 405 1140 XXX.
429 1071 571 1152 Ardua
589 1065 725 1138 interim
741 1063 897 1139 Ostorius
914 1063 1072 1153 Sabinus,
1091 1064 1210 1138 Sorani

219 1186 425 1276 accusator,
461 1187 666 1285 ingreditur,
700 1186 902 1282 orditurque
936 1185 1026 1256 “de
1058 1184 1210 1258 amicitis

238 1305 443 1380 “Rubellii
467 1306 593 1396 Plauti,
622 1306 788 1404 quodque
803 1287 804 1296 ἵ
817 1302 1093 1402 proconsulatum
1121 1308 1211 1378 Afiae

243 1432 271 1510 ‘f
289 1427 437 1500 Soranus
467 1453 532 1524 pro
560 1428 713 1498 claritate
742 1425 801 1498 fibi
832 1425 946 1522 potius
967 1425 1212 1498 accommoda·

237 1541 267 1590 ³‘
286 1567 375 1637 tum,
395 1548 502 1645 quam
520 1573 563 1620 ex
581 1547 725 1620 utilitate
742 1545 921 1619 communi
936 1546 1069 1644 egisset,
1088 1545 1213 1616 alendo

239 1675 265 1714 “
282 1668 463 1740 seditiones
478 1667 695 1741 civitatum?
745 1669 868 1742 Vetera
885 1668 979 1738 haec:
1007 1665 1065 1736 sed
1079 1689 1209 1753 recens,

236 1785 423 1860 discrimini
451 1787 555 1884 patris
584 1787 692 1860 filiam
715 1789 957 1875 connestebat,
983 1784 1120 1882 “quod
1150 1811 1210 1882 pe·
1319 1809 1329 1820 ’

205 1957 208 1966 ,
237 1906 420 1982 “cuniam
438 1907 558 2006 Magis
575 1907 733 2005 dilargita
754 1910 870 1979 effet.’'
921 1905 1107 1978 Acciderat
1133 1905 1210 1978 sane

195 2041 199 2054 ¹
236 2025 362 2124 pietate
391 2027 541 2100 Serviliae
573 2027 626 2122 (id
644 2051 774 2098 nomen
793 2026 916 2119 puellae
933 2023 1016 2117 fuit)
1041 2051 1130 2122 quae,
1154 2054 1212 2099 ca-

234 2148 333 2223 ritate
363 2173 446 2244 erga
475 2166 669 2243 parentem,
706 2145 805 2216 simul
831 2133 1065 2239 imprudentis
1088 2147 1211 2233 aetatis,

236 2294 308 2341 non
336 2287 453 2340 tamen
471 2266 563 2338 aliud
582 2264 844 2356 consultaverat,
863 2263 970 2360 quam
998 2270 1027 2304 “
1045 2263 1090 2334 de
1113 2262 1211 2336 inco-

238 2395 267 2435 “
285 2386 442 2460 lumitate
459 2386 599 2474 domus,
624 2389 717 2458 &an
735 2383 909 2484 placabilis
917 2369 1037 2471 Nero,
1059 2409 1106 2454 an
1127 2409 1212 2482 cog-

239 2514 267 2618 ‘f
284 2507 370 2580 nitio
398 2505 532 2580 senatus
554 2505 640 2578 nihil
660 2525 763 2578 atrox
791 2503 973 2577 adferret.''
1022 2504 1134 2603 Igitur
1154 2509 1211 2578 ac-

236 2628 304 2702 cita
320 2628 369 2701 est
387 2615 425 2700 in'
439 2626 609 2718 senatum,
635 2627 870 2723 steteruntque
894 2624 1017 2698 diversr
1045 2646 1124 2698 ante
1151 2627 1210 2698 tri-

239 2751 346 2830 bunal
363 2747 557 2836 consulum,
585 2739 723 2845 grandis
741 2771 817 2818 aevo
843 2752 978 2842 parens,
1004 2747 1124 2820 contra
1143 2747 1213 2822 filia
1272 2751 1273 2758 '

238 2868 329 2940 intra
346 2867 547 2941 vicesimum
564 2867 672 2940 aetatis
688 2891 832 2956 annum,
860 2892 970 2963 nuper
986 2865 1109 2940 marito
1136 2873 1211 2940 An-

239 2987 298 3060 nio
315 2986 477 3060 Pollione
504 2987 541 3060 in
571 2987 728 3062 exsilium
756 2985 866 3084 puls0,
891 2972 1031 3062 viduata
1048 2986 1212 3062 desolata-

127 3123 144 3198 s
239 3135 332 3206 que;
359 3133 398 3180 ac
415 3133 459 3180 ne
477 3127 608 3204 patrem
631 3107 774 3206 quidem
788 3107 936 3196 intuens,
950 3105 1044 3205 cujus
1061 3112 1214 3184 onerasse

163 3275 167 3288 t
240 3227 393 3324 pericula
418 3228 607 3302 videbatur.
955 3327 959 3332 ἱ

159 3425 165 3430 ,
252 3401 256 3406 -
289 3349 429 3420 ΧΧΧΙ.
466 3349 562 3419 Tunr
604 3347 838 3447 interrogante
882 3345 1090 3441 accusatore,
1122 3358 1149 3394 “
1167 3379 1213 3426 an

127 3523 135 3530 .
243 3475 270 3512 ‘⁶
289 3468 401 3540 cultus
430 3467 574 3557 dotales,
606 3495 649 3542 an
681 3471 873 3543 detrattum
909 3458 1035 3544 cervici
1069 3472 1213 3562 monile,
1264 3447 1269 3468 ’

241 3595 268 3642 ⁴‘
287 3613 418 3661 venum
435 3587 595 3677 dedisset,
622 3589 693 3685 qud
717 3590 901 3686 pecuniam
919 3589 1084 3665 faciendis
1102 3577 1234 3691 magi--
1295 3591 1301 3604 '

242 3715 270 3762 ⁴‘
287 3707 335 3782 cis
367 3707 467 3782 sacris
498 3710 713 3802 contraheret
727 3713 767 3783 ?'’
793 3711 944 3808 primum
976 3711 1077 3785 strata
1100 3713 1213 3801 humi,

242 3827 420 3936 longoque
451 3833 535 3910 fietu
565 3835 598 3910 &
626 3829 771 3921 silentio,
800 3829 886 3936 post,
915 3832 1030 3908 altaria
1060 3837 1094 3907 δι
1119 3858 1216 3911 aram
