3006 4866
321 356 391 451 308
555 325 596 422 C.
627 349 898 425 Cunnum
926 346 1123 434 Tiacrrt

321 547 386 617 tes,
417 524 572 601 nondum
605 544 725 599 tamen
757 525 857 622 supra
878 524 1085 599 libertatem.
1134 521 1316 599 Protinus

324 646 449 720 deinde
469 648 514 718 ab
531 647 674 719 Oceano
701 644 827 744 Rugii,
855 650 888 718 δι
906 645 1095 719 Lemovii:
1120 643 1310 718 omnium-

258 745 260 754 *
323 789 390 862 que
405 766 528 838 haruin
546 767 706 864 gentium
723 767 868 865 insigne,
886 767 1037 840 rotunda
1052 763 1158 857 scuta,
1177 767 1311 840 breves

322 885 443 983 gladii,
462 890 496 958 δι
517 912 601 984 erga
623 911 722 985 reges
740 885 957 984 obsequium.

170 1089 178 1098 ¹
285 1044 289 1058 v
370 1007 505 1079 XLIV.
518 1009 706 1080 Surouuru
725 1006 808 1079 hinc
821 1007 988 1096 civitates,
1006 1007 1079 1106 ipso
1096 1007 1306 1096 inoreancs,

248 1143 257 1156 ·
322 1147 444 1225 prater
460 1126 554 1199 viros
577 1152 743 1224 armaque
770 1126 926 1202 claffibus
943 1130 1080 1202 valent:
1111 1126 1224 1200 forma
1241 1151 1309 1198 na·

321 1248 420 1321 vium
451 1247 493 1321 eo
521 1245 650 1336 differt,
679 1247 775 1344 quod
807 1249 982 1346 utrimque
1016 1273 1115 1345 prora
1147 1267 1310 1344 paratam

321 1367 457 1465 semper
469 1367 627 1465 adpulsui
643 1367 792 1442 frontem
809 1369 905 1467 agit:
925 1395 989 1444 nec
1002 1367 1086 1442 velis
1099 1349 1307 1447 ministran-

321 1508 393 1579 tur,
418 1515 482 1562 nec
517 1513 631 1562 remos
659 1488 696 1560 in
724 1489 882 1564 ordinem
909 1489 1071 1564 lateribus
1097 1486 1309 1586 adjungunt.

324 1611 499 1696 Solutum,
514 1629 552 1681 ut
570 1608 605 1680 in
623 1608 830 1704 quibusdam
848 1610 1049 1699 fluminum,
1069 1614 1103 1682 &
1120 1607 1304 1698 mutabile,

322 1748 362 1802 ut
378 1753 429 1802 res
447 1727 567 1823 poscit,
588 1728 668 1800 hinc
682 1730 738 1800 vel
762 1727 860 1804 illinc
877 1730 1077 1828 remigium.
1128 1728 1189 1802 Est
1206 1729 1304 1825 apud

321 1849 398 1922 illos
412 1851 445 1919 δι
458 1847 584 1943 opibus
601 1851 737 1921 honos:
757 1850 869 1947 eoque
888 1877 978 1924 unus
996 1849 1181 1947 imperitat,
1199 1849 1304 1922 nullis

316 1963 390 2065 ¹jam
408 1968 687 2068 exceptionibus,
702 1995 774 2043 non
792 1971 943 2068 precario
952 1967 1031 2067 jure
1049 1970 1210 2068 parendi:
1234 1995 1302 2043 nec

245 2175 252 2190 „
313 2115 431 2180 arma,
456 2110 495 2162 ut
520 2092 614 2186 apud
643 2110 772 2164 ceteros
795 2093 1004 2180 Germanos,
1033 2091 1069 2162 in
1091 2088 1300 2187 promiscuo,

320 2211 378 2284 sed
396 2209 506 2284 clausa
527 2211 589 2285 sub
606 2210 762 2302 custode,
791 2217 824 2284 ὅτ
840 2193 986 2309 'quidem
1003 2211 1121 2284 servo:
1149 2210 1226 2308 quia
1243 2209 1299 2284 su-

240 2367 242 2377 *
323 2333 414 2406 bitos
431 2331 580 2406 hostium
604 2331 755 2406 incursus
773 2335 931 2429 prohibet
952 2335 1125 2405 Oceanus.
1173 2329 1300 2426 Qtiosae

324 2478 428 2550 porro
457 2473 670 2526 armatorum
693 2479 816 2527 manus
840 2450 940 2526 facile
960 2451 1162 2526 lasciviunt:
1190 2451 1298 2526 enim-

321 2574 405 2648 vero
421 2597 536 2671 neque
561 2572 735 2663 nobilem„
761 2598 874 2672 neque
899 2572 1107 2670 ingenuum,
1139 2599 1182 2646 ne
1197 2574 1297 2646 liber-

322 2695 436 2769 tinum
456 2693 598 2792 quidem
616 2692 717 2766 armis
731 2717 930 2791 praeponere
945 2693 1041 2790 regia
1057 2692 1186 2767 utilitas
1202 2692 1257 2766 est.

357 2817 490 2922 [XLV.
515 2816 655 2888 Tnnus
673 2812 817 2890 Suionas
835 2814 933 2887 aliud
956 2839 1051 2888 mare
1076 2813 1229 2912 pigrum,
1257 2837 1298 2887 ac'

323 2935 434 3036 prope
474 2934 677 3026 immotum,
720 2961 791 3033 quo
819 2933 914 3032 cingi
939 2934 1104 3032 cludique
1132 2953 1295 3008 terrarum

322 3060 444 3130 orbem
461 3055 543 3132 hinc
560 3057 670 3128 fides:
690 3055 785 3152 quod
803 3075 978 3128 extremus
988 3047 1141 3128 cadensis
1146 3054 1220 3152 jam
1236 3057 1294 3127 So-

323 3176 363 3248 lis
387 3175 504 3273 fulgor
525 3176 561 3248 in
586 3196 680 3250 ortus
706 3176 841 3266 edurat,
867 3173 954 3248 adeo
980 3176 1295 3265 clarus,uts1dera

323 3297 471 3370 hebetet.
520 3299 668 3370 sonum,
683 3294 818 3392 insuper
847 3295 1055 3393 emergentis
1076 3295 1202 3386 audiri,
1228 3295 1294 3369 sor-

323 3415 466 3514 masque
482 3417 643 3506 deorum,
669 3413 838 3488 &radios
862 3415 985 3512 capitis
1007 3415 1108 3513 aspici
1134 3415 1295 3513 persuasio

321 3535 451 3632 adjicit.
500 3538 587 3608 Illuc
615 3529 723 3632 usque
748 3539 802 3632 (δι
826 3533 920 3612 sama
948 3537 1048 3630 vera)
1075 3536 1209 3608 tantum
1235 3559 1293 3606 na·

255 3632 267 3710 ,²
321 3677 409 3733 tura.
461 3659 556 3752 Ergo
565 3653 640 3752 jam
664 3657 789 3730 dextro
804 3655 940 3730 Suevici
955 3655 1061 3744 maris
1077 3655 1175 3746 litore
1190 3653 1294 3730 AEsti-
1389 3697 1399 3705 ·

253 3820 259 3828 =
322 3801 423 3878 orum
444 3794 565 3874 gentes
590 3757 798 3852 adluuntur:
815 3776 956 3877 'quibus
983 3777 1069 3852 ritus
1094 3774 1294 3874 habitusque
