3120 4860
290 495 292 498 Ι
380 372 736 480 'Auuntruu
776 405 888 480 Lra.
925 407 1007 481 XV.
1113 395 1225 485 '211

242 571 342 676 prisci
360 581 467 656 moris
483 580 623 656 adfecit.
673 577 812 660 Postero
828 583 887 658 die
910 591 938 626 “
956 583 1127 682 spatium'’
1148 613 1225 661 ora-

217 785 219 789 ,
244 699 310 790 vit,
348 708 376 744 “
395 729 466 800 quo
488 723 623 780 tantum
641 702 772 778 itineris
789 706 954 810 aditurus,
985 696 1103 779 fratrea
1132 707 1225 796 anto,
1253 771 1255 776 ,

243 825 272 862 “
290 842 507 921 matremque
525 822 646 898 viseret
658 827 692 897 :’'
709 826 1009 904 obsidem-interea
1026 825 1134 900 filiam
1159 847 1225 900 tra-

237 941 303 1033 dit,
328 940 508 1040 literasque
525 941 695 1042 supplices
713 947 758 1018 ad
775 948 969 1020 Neronem.

289 1065 428 1140 XXXI.
457 1065 514 1138 Er
535 1066 744 1138 nron'essus
769 1067 942 1140 Pacorum
964 1071 1059 1166 apud
1076 1071 1222 1161 Medos,

242 1183 440 1282 Vologesen
460 1183 647 1262 Ecbatanis
665 1186 805 1284 reperit,
827 1214 897 1260 non
921 1179 1132 1265 incuriosum
1154 1190 1223 1264 fra·

239 1303 317 1376 tris:
351 1304 481 1403 quippe
501 1311 534 1380 &
554 1305 700 1403 propriis
717 1307 844 1380 nuntiis
860 1335 881 1382 a
897 1310 1098 1384 Corbulone
1118 1311 1225 1408 petie-

239 1442 305 1512 rat,
336 1432 560 1524 “nequam
588 1426 779 1525 imaginem
807 1427 932 1502 servitii
948 1431 1122 1504 Tiridates
1149 1457 1224 1528 per-

133 1535 136 1546 ’
239 1551 269 1638 .“
287 1541 406 1632 ferret;
436 1573 504 1620 neu
521 1546 650 1622 serrum
669 1550 832 1639 traderet,
847 1571 918 1624 aaut
936 1553 1125 1648 complexu
1143 1577 1225 1648 pro-

241 1670 269 1707 “
286 1665 418 1739 vincias
434 1667 670 1742 obtinentium
692 1690 876 1761 arceretur,
903 1670 1078 1746 foribusve
1100 1695 1224 1744 eorum

240 1794 268 1831 “
286 1787 475 1862 adsisteret:
503 1775 687 1886 tantusque
709 1787 740 1864 ei
762 1793 903 1882 Roma,
930 1813 1079 1891 quantus
1098 1789 1221 1866 consu·
1280 1811 1284 1819 '

231 1913 267 1950 '“
285 1908 390 1998 libus,
416 1911 530 1982 honor
546 1911 664 1984 effet.’'
713 1908 847 1985 Scilicet
874 1934 1025 1986 externae
1051 1901 1221 2010 superbiae
1281 1941 1283 1951 ’

235 2029 346 2120 suet0,
377 2055 449 2102 non
476 2029 585 2102 inerat
613 2027 737 2104 notitia
757 2030 887 2102 nostrl:
922 2033 1018 2126 apud
1051 2059 1140 2129 quos
1169 2034 1221 2108 vis

233 2148 372 2247 imperii
388 2149 491 2238 valet,
509 2145 626 2220 inania
637 2147 921 2222 transmittuntur.

284 2253 444 2344 XXXII.
471 2271 618 2342 Eouanr
645 2291 738 2342 anno
759 2264 872 2382 Caesar
888 2267 1044 2342 nationes
1070 2271 1220 2368 Alpium
1320 2353 1324 2362 ,
1394 2355 1402 2370 ,

236 2389 492 2464 maritimarum
516 2389 553 2462 in
575 2382 633 2487 ju's
666 2388 761 2464 Latii
793 2389 976 2464 transtulit.
1045 2391 1218 2489 Equitum
1299 2388 1300 2391 '

237 2515 483 2604 Romanorum
515 2511 612 2584 locos
654 2509 816 2587 sedilibus
853 2511 964 2609 plebis
1009 2509 1219 2610 anteposuit,

234 2633 328 2732 apud
356 2631 500 2706 Circum
516 2659 707 2731 :namque
732 2633 778 2706 ad
808 2657 884 2705 eam
915 2631 1011 2710 diem
1042 2631 1218 2707 indiscreti
1286 2704 1290 2714 ,

232 2753 381 2846 inibant,
397 2753 480 2852 quia
496 2755 553 2828 lex
567 2753 695 2830 Roscia
705 2753 808 2844 nihil,
821 2752 881 2826 nisr
894 2753 939 2824 de
953 2754 1221 2851 quatuordecim
1330 2771 1339 2788 ”
1363 2823 1368 2832 .

235 2865 429 2964 ordinibus,
454 2873 577 2948 sanxit.
632 2875 835 2972 Spectacula
860 2874 1093 2972 gladiatorum
1121 2857 1237 2950 idem*

233 3021 345 3068 annus
366 2995 500 3085 habuit,
532 2995 604 3092 pari
631 2995 890 3094 magnificentia
908 3021 948 3068 ac
975 2995 1100 3090 priora.
1150 2998 1218 3073 Sed

118 3133 122 3138 ·
191 3153 195 3168 x
233 3114 442 3191 seminarum
474 3116 674 3192 inlustrium
711 3115 977 3220 senatorumque
1010 3119 1124 3214 plures
1157 3145 1218 3216 per

235 3261 376 3310 arenam
388 3235 510 3314 soedati
526 3235 615 3322 sunt.

264 3358 456 3442 XXXIII.
483 3361 525 3433 C.
549 3363 767 3449 Lra‘camo,
785 3361 843 3434 M.
861 3357 1002 3434 Licinio
1020 3356 1217 3436 consulibus

230 3471 363 3553 a'criore
379 3479 415 3553 in
433 3477 506 3554 dies
531 3479 697 3578 cupidine
721 3480 930 3578 adigebatur
955 3485 1053 3576 Nero
1072 3481 1215 3579 prornis-

230 3625 313 3674 cuas
330 3601 445 3676 scenas
462 3600 728 3700 frequentandi:
752 3627 834 3674 nam
846 3603 960 3676 adhuc
980 3629 1041 3700 per
1052 3603 1216 3694 domum,

136 3761 141 3774 .
232 3739 292 3794 aut
317 3723 435 3796 hortos
459 3723 629 3797 cecinerat
658 3723 887 3819 Juvenalibus
915 3723 1021 3816 ludis,
1047 3751 1147 3822 quos,
1178 3744 1218 3796 ut

231 3865 355 3937 parum
370 3845 538 3958 celebres,
561 3847 595 3919 δι
613 3863 717 3920 tantae
734 3843 817 3919 voci·
831 3825 1008 3944 angustos,
1025 3843 1216 3943 spernebat.

656 3987 658 3992 ·
680 3967 709 4040 Ρ
736 3991 757 4038 a
