3076 4868
380 333 423 420 δη
539 327 1225 422 ΟΟοΜΕιιιΤΑειτηὸτσ.
1312 363 1315 370 ·

375 503 468 601 pina,
487 507 582 578 velut
598 508 722 586 dolore
738 507 830 580 vic'ta
856 509 890 580 &
915 505 1034 606 solatia
1050 506 1284 606 conquirens,
1297 523 1351 580 te*

375 649 457 698 nere
475 629 641 724 amplexu
657 628 924 720 Britannicum,
949 635 977 672 “
991 653 1112 703 veram
1128 627 1263 725 paterni
1279 631 1353 700 oris

378 753 406 788 “
424 747 602 845 effigiem’'
624 751 812 848 appellare,
838 775 880 824 ac
904 749 1004 824 variis
1020 749 1150 822 artibus
1167 749 1353 840 demorari,

374 891 419 950 ne
437 868 600 944 cubiculo
630 873 860 968 egrederetur.
911 870 1103 946 Antoniam
1131 893 1286 967 quoque,
1318 874 1354 942 a

375 988 576 1079 octaviam,
600 991 730 1066 sorores
746 991 832 1091 ejus,
856 992 1009 1083 attinuit,
1024 996 1067 1064 ¹&
1086 991 1355 1065 cunnosadrtus

375 1109 539 1185 custodiis
557 1113 742 1202 clauserat3
778 1115 970 1214 crebroque
987 1115 1170 1213 vulgabat,
1198 1117 1227 1153 ‘⁴
1244 1111 1292 1184 ire
1316 1111 1355 1183 in

375 1235 406 1299 .“
424 1232 547 1308 melius
564 1236 800 1312 valetudinem
816 1236 1023 1334 Principis,'’
1046 1235 1117 1334 quo
1140 1231 1238 1308 miles
1259 1232 1356 1304 bona

376 1349 414 1424 in
439 1353 497 1450 spe
529 1377 659 1455 agerer,
688 1356 894 1455 tempusque
910 1339 1110 1454 prosperum
1138 1381 1185 1432 ex
1213 1351 1356 1430 monitis

376 1473 625 1574 Clraldaeorum
649 1477 778 1550 advent
780 1495 861 1548 aret.

425 1595 565 1666 LXIX.
589 1597 706 1668 Tunc
739 1595 860 1672 medio
884 1595 968 1686 diei,
999 1596 1140 1670 tertium
1169 1615 1249 1671 ante
1270 1599 1357 1672 Idus

375 1713 543 1828 ‚Octobris
574 1713 706 1788 foribus
735 1716 851 1813 palatii
879 1703 1019 1813 repente
1045 1716 1210 1806 diductis,
1242 1718 1357 1794 comi-

334 1823 338 1835 ’
377 1853 469 1908 tante
497 1835 620 1926 Burr0,
651 1839 751 1910 Nero
779 1837 952 1936 egreditur
978 1838 1025 1912 ad
1053 1839 1251 1928 cohortem,
1273 1865 1356 1935 quae

375 1981 476 2042 more
492 1957 624 2032 militiae
641 1958 799 2032 excubiis
816 1959 921 2035 adest.
970 1957 1040 2049 Ibi,
1068 1977 1233 2044 monente
1260 1960 1357 2032 Prae·

314 2125 316 2131 ·
375 2065 481 2171 fecto,
521 2077 613 2154 festis
642 2079 789 2154 vocibus
821 2100 1000 2178 exceptus,
1030 2067 1171 2152 'inditur
1210 2078 1380 2186 lecticae.¹

351 2203 601 2303 ,Dubitavisie
629 2199 798 2300 quosdam
827 2200 956 2293 ferunt,
993 2199 1228 2303 respectantes,
1258 2200 1357 2300 rogi-

377 2326 560 2423 tantesque
594 2324 693 2398 “ubi
725 2323 939 2396 Britannicus
968 2325 1049 2396 effer
1065 2323 1103 2396 ?''
1129 2349 1229 2412 mort,
1258 2323 1359 2406 nullo

378 2448 416 2520 in
431 2441 604 2519 diversum
621 2443 775 2530 auctore,
796 2467 875 2536 quae
893 2443 1126 2514 offerebantur
1142 2441 1247 2517 secuti
1265 2441 1358 2518 sunt.
1405 2501 1411 2518 ,
1432 2477 1438 2500 ·

374 2562 577 2658 inlatusque
601 2558 716 2634 ‘castris
749 2562 862 2651 Nero,
891 2563 925 2631 δι
953 2560 1178 2656 congruentia
1205 2563 1358 2660 tempori

378 2680 553 2784 praefatus,
579 2680 745 2778 promiffo
769 2679 949 2771 donativo
980 2681 1025 2756 ad
1060 2683 1266 2778 exemplum
1294 2707 1359 2779 pa-

377 2827 483 2896 temae
499 2802 700 2901 largitionis,
729 2803 904 2901 Imperator
919 2801 1160 2876 consalutatur.
1210 2805 1356 2878 Senten-

374 2925 462 3000 tiam
492 2925 644 2998 militum
667 2923 780 2998 secuta
798 2945 934 3022 patrum
952 2922 1107 2998 consulta
1122 2953 1138 2998 ε1
1162 2949 1228 2998 nec
1250 2913 1356 3000 dubi·

373 3067 489 3143 tatum
505 3046 563 3128 ¹est
587 3048 684 3142 apud
708 3045 916 3143 provincias.
964 3045 1192 3146 Caelestesque
1208 3047 1357 3121 honores

377 3169 528 3242 Claudio
540 3169 788 3256 decernuntur,
821 3171 854 3240 δι
882 3166 1011 3242 funeris
1029 3167 1197 3270 sollemne
1212 3165 1372 3264 perinde·

261 3291 268 3306 ’
376 3311 421 3364 ac
436 3289 522 3361 divo
540 3287 703 3386 Augusto
721 3289 933 3361 celebratur:
953 3291 1140 3362 aemulante
1158 3285 1357 3384 Agrippina

323 3482 328 3492 s
375 3409 529 3508 proaviae
571 3407 684 3480 Liviae
729 3407 1042 3506 magnificentiam.
1089 3408 1357 3482 Testamentum

373 3551 494 3604 tamen
511 3529 606 3602 hau'd
623 3526 822 3618 recitatum,
846 3555 890 3604 ne
907 3534 1113 3628 anteposrtus
1131 3527 1204 3600 filio
1222 3527 1356 3627 privig-

375 3677 471 3742 nus,
484 3648 606 3748 injuriat
623 3652 656 3724 ὅτ
674 3647 805 3750 invidia
820 3650 955 3728 animos
970 3641 1253 3751 vulgi'turbaret.
