3076 4868
344 321 346 326 Ι
422 371 727 442 Auunnrunr
760 364 978 440 Lru-Xll.
1182 387 1225 461 51

253 547 450 624 laudaverat
473 546 652 643 Princeps,
685 543 780 618 nulla
807 541 966 633 libidine,
996 539 1055 617 sed
1085 540 1229 614 fortuito

251 666 432 746 sermone:
458 669 553 744 unde
580 665 634 740 vis
659 663 864 762 Agrippina
881 663 964 738 citra
980 661 1105 736 ultima
1122 660 1227 736 stetit.

250 790 293 862 ln
307 789 464 864 Lolliam
480 786 630 864 mittitur
646 785 820 874 tribunus,
848 812 869 860 a
903 809 974 881 quo
1008 784 1053 856 ad
1076 803 1228 860 mortem

167 991 171 1000 ,
250 909 458 1007 adigeretur.
514 909 720 982 ¹Damnatus
759 912 792 980 dr
831 908 909 1004 lege
952 905 1226 1001 repetundarum

250 1029 380 1104 Cadius
396 1028 528 1119 Rufus,
554 1025 790 1102 accusantibus
806 1025 973 1121 Bithynis.

298 1153 438 1232 XXIII.
462 1152 637 1222 Garun
653 1142 883 1235 Narbonensr,
921 1149 969 1219 ob
987 1147 1164 1246 egregiam
1192 1146 1228 1218 in

253 1267 368 1366 patres
399 1266 628 1342 reverentiam
645 1267 781 1356 datum,
808 1274 834 1310 “
847 1285 888 1340 ut
920 1265 1130 1342 senatoribus
1158 1267 1230 1366 ejus

255 1396 286 1432 “
306 1387 510 1485 provincia,
545 1414 616 1460 non
647 1387 816 1486 exquifita
847 1385 1019 1483 Principis
1050 1386 1227 1477 sententia,

255 1516 283 1552 “
293 1506 374 1606 jure
407 1534 479 1606 quo
508 1507 622 1582 Sicilia
654 1491 849 1600 haberetur,
884 1534 937 1582 res
972 1507 1046 1584 suas
1087 1505 1231 1582 invisere

254 1636 281 1672 “
299 1627 454 1706 liceret.’'
501 1628 685 1726 lturaeique
702 1632 736 1700 δι
753 1629 882 1723 Judaei,
901 1625 1074 1704 defundis
1092 1629 1230 1728 regibus

251 1749 403 1822 Sohemo
434 1736 540 1848 atipue
567 1741 740 1848 Agrippas,
761 1749 949 1847 provinciae
977 1751 1081 1847 Syriae
1107 1749 1228 1822 additi

230 1869 371 1950 ,Salutis
387 1869 574 1970 augurium
591 1863 793 1968 quinque&
809 1871 935 1969 viginti
951 1871 1051 1948 annis
1065 1870 1230 1944 omissum

250 1990 376 2089 repeti,
403 2017 444 2066 ac
472 1990 601 2068 deinde
630 1989 825 2064 continuari
859 1990 1037 2087 placitum.
1088 1993 1135 2064 Et
1165 2015 1229 2086 po-

251 2111 401 2186 merium
417 2111 528 2186 Urbis
555 2110 655 2184 auxit
680 2110 791 2184 Caesar
807 2135 906 2184 more
922 2107 1056 2206 prisco;
1086 2135 1158 2208 quo
1191 2110 1230 2181 iis

252 2232 322 2330 qui·
348 2233 524 2330 protuldre
552 2229 756 2328 imperium,
786 2230 893 2304 etiam
924 2231 1090 2306 terminos
1123 2229 1232 2319 Urbis

255 2377 449 2450 propagare
481 2351 594 2426 datur.
656 2352 736 2426 Nec
777 2371 894 2428 tamen
927 2351 1045 2426 duces
1062 2349 1230 2438 Romani,

253 2495 472 2570 quamquam
505 2471 641 2570 magnis
670 2472 868 2548 nationibus
894 2472 1056 2562 subactis,
1092 2467 1231 2568 usurpa·

250 2612 386 2683 verant,
415 2593 476 2668 nifi
493 2595 539 2670 L.
557 2595 664 2684 Sulla,
692 2594 848 2669 &divus
867 2593 1059 2693 Augustus.

253 2773 255 2778 .
311 2716 449 2790 XXIV.
492 2718 642 2790 Rasum
672 2715 710 2790 in
737 2743 780 2790 eo
812 2715 973 2805 ambitio,
1012 2715 1069 2787 vel
1104 2711 1229 2810 gloria,

240 2832 349 2912 ‘varii
376 2835 529 2932 vulgata.
579 2837 648 2910 Sed
680 2835 818 2911 initium
844 2833 1099 2926 condendi,.&
1134 2833 1232 2931 quod

253 2952 454 3053 pomerium
481 2945 669 3032 Romulus
681 2955 844 3052 posuerit,
879 2953 1016 3030 noscere
1040 2944 1135 3030 haud
1168 2956 1230 3028 ab·-

252 3074 395 3150 surdum
410 3097 499 3149 reor.
547 3074 660 3171 Igitur
693 3102 714 3148 a
740 3073 818 3149 foro
843 3075 978 3167 boario,
1007 3075 1070 3150 ubi
1101 3101 1245 3150 aercurn·
1331 3159 1334 3168 ,

253 3193 346 3269 tauri·
361 3195 577 3268 simulacrum
595 3193 789 3292 aspicimus,
820 3197 902 3294 quia
933 3197 971 3271 id
1014 3223 1123 3294 genus
1156 3198 1229 3274 ani-

251 3313 401 3391 malium
416 3334 530 3391 aratro
543 3313 712 3408 subditur,
746 3318 858 3392 sulcus
887 3318 1090 3416 designandi
1107 3318 1232 3416 oppidi

253 3456 405 3534 coeptus,
434 3455 473 3511 ut
500 3461 665 3535 magnam
694 3440 859 3514 Herculis
892 3465 986 3514 aram
1005 3441 1232 3537 ampladlere-
1284 3455 1288 3460 “

252 3576 319 3632 tur.
368 3556 457 3632 Inde
473 3556 575 3632 certis
592 3556 709 3655 spatiis
725 3559 890 3659 interjedii
909 3560 1055 3658 lapides,
1083 3586 1144 3657 per
1161 3560 1232 3634 ima

253 3677 381 3752 montis
410 3677 557 3752 Palatini
584 3679 630 3752 ad
655 3705 750 3754 aram
778 3683 895 3772 Confi,
930 3707 1017 3755 mox
1041 3682 1087 3753 ad
1108 3679 1232 3754 Curias

246 3816 400 3889 ¹ueteres,
429 3818 507 3876 tum
524 3801 569 3878 ad
584 3798 748 3890 sacellum
765 3803 914 3880 Larium
941 3801 1130 3902 forumque
1155 3805 1231 3913 llos

533 3949 534 3952 ’
721 3925 753 3999 E
778 3949 798 3999 a
