3006 4866
191 371 208 402 θ

310 2063 314 2074 “
352 2067 512 2140 modurn.

354 355 425 430 3²0
559 327 604 403 C.
643 329 912 402 Coruum
951 325 1170 399 Tncrrr‘

350 505 462 582 cebris
481 503 714 602 peccantium,
734 521 856 602 prater
871 503 974 601 ipfius
990 503 1122 576 bonam
1137 498 1361 599 integram?-

351 651 420 724 que
434 643 604 716 naturam,
632 625 730 722 quod
747 625 864 698 statim
880 624 1043 722 parvulus
1064 621 1184 695 sedem
1198 609 1250 696 ae
1272 648 1358 694 rna-
1391 607 1396 614 ¹

350 745 485 844 gistram
496 744 689 820 studiorum
700 744 888 818 Massrliarn
904 743 1074 833 habuerit,
1093 745 1217 817 locum
1240 745 1356 816 Grae·

343 869 389 938 »cri
405 864 569 938 comitate
593 865 851 962 &provinciali
868 865 1079 963 parcimonia
1093 863 1276 970 mistum,
1311 887 1357 956 ac

347 988 439 1074 bene
460 989 700 1083 compositum.
737 987 914 1060 Memoria
925 1006 1040 1077 teneo,
1058 985 1201 1058 solitum
1223 981 1354 1080 ipsum

353 1131 502 1197 narrare,
523 1115 550 1149 “
564 1104 597 1179 se
614 1107 648 1178 in
666 1106 774 1203 prima
782 1105 927 1204 juventa
939 1107 1090 1182 studium
1104 1102 1355 1202 philosophiae

352 1235 381 1270 “
398 1227 522 1318 acrius,
547 1229 637 1300 ultra
658 1229 765 1326 quam
778 1231 976 1302 concessirm
993 1232 1160 1302 Romano
1184 1251 1229 1318 ac
1242 1223 1354 1296 sena-

352 1355 381 1390 “
401 1347 481 1438 tori,
504 1349 657 1438 hausrffe,
684 1349 721 1420 ni
750 1349 934 1446 prudentia
960 1349 1077 1422 matris
1097 1345 1290 1420 incensum
1309 1370 1353 1417 ac

354 1476 382 1512 “
400 1471 603 1567 flagrantem
620 1469 775 1542 animum
802 1469 1000 1542 coercuiffet
1016 1471 1052 1540 :''
1076 1463 1206 1542 scilicet
1231 1464 1352 1540 subli—
1458 1523 1459 1552 ,

352 1615 411 1663 me
433 1595 467 1662 δι
486 1593 635 1662 etodium
653 1588 848 1685 ingenium,
876 1587 1176 1684 pulchritudinem
1194 1613 1241 1660 ac
1268 1585 1351 1684 spe·
1458 1611 1459 1616 ¹

352 1708 442 1780 ciem
453 1705 593 1780 excelsae
604 1733 813 1803 magnaeque
825 1707 943 1802 gloriae
955 1707 1209 1796 vehementius,
1225 1707 1349 1805 quam

351 1825 464 1914 caute,
491 1826 698 1920 adpetebat:
725 1849 810 1896 mox
839 1825 1012 1921 mitigavit
1037 1825 1128 1896 ratio
1157 1832 1191 1900 ὅτ
1224 1847 1347 1900 aetas:

348 1943 572 2042 retinuitque,
598 1944 696 2041 quod
721 1944 768 2016 est
795 1923 1058 2034 difficillimum,
1093 1970 1139 2016 ex
1159 1943 1346 2042 sapientiai

1179 2063 1187 2099 i

401 2189 446 2260 V.
469 2189 606 2262 PurrrA
642 2189 830 2262 castrorum
863 2187 1060 2260 rudimenta
1084 2187 1127 2259 in
1160 2185 1344 2261 Britannia

350 2307 515 2411 Suetonio
550 2309 725 2400 Paullino,
759 2306 919 2406 diligenti
952 2334 991 2380 ac
1025 2309 1206 2400 moderato
1237 2307 1339 2397 duci,

353 2428 582 2525 adprobavit:
612 2431 752 2518 elestus,
773 2452 879 2526 quem
896 2427 1124 2538 contubernio
1143 2428 1337 2501 aestimaret.

352 2551 432 2622 Nec
450 2547 616 2648 Agricola
644 2549 798 2638 licenter,
831 2573 926 2634 more
952 2548 1133 2644 juvenum,
1163 2547 1223 2644 qui
1244 2544 1339 2620 mili-

349 2668 437 2744 tiam
459 2668 496 2741 in
514 2665 686 2742 lasciviam
703 2689 856 2760 vertunt,
882 2695 995 2766 neque
1011 2667 1173 2766 segniter,
1206 2669 1251 2741 ad
1268 2691 1334 2737 vo-

352 2772 553 2889 luptates&
576 2810 804 2880 commeatus,
834 2791 974 2864 titulum
997 2790 1190 2864 tribunatbs
1217 2792 1252 2860 oc
1279 2786 1335 2858 in-

355 2911 488 2987 scitiam
506 2909 644 2984 retulit:
668 2910 726 2984 sed
743 2909 878 2984 noscere
901 2897 1129 3007 proviniiam,
1160 2908 1256 2981 nosci
1274 2933 1333 2978 ex-

355 3033 488 3124 ercitui,
524 3029 700 3105 discerea
738 3031 868 3128 peritis,
914 3030 1010 3128 sequi
1045 3031 1213 3128 optimos,
1248 3026 1330 3102 nihil

358 3155 520 3250 adpetere
530 3151 729 3251 jadiatione,
756 3151 843 3224 nihil
860 3153 907 3224 ob
925 3150 1149 3224 formidinem
1166 3149 1328 3235 recusare,
1370 3131 1373 3134 ¹

356 3276 526 3370 fimulque
553 3274 586 3342 δι
610 3272 784 3368 anxius&
814 3272 965 3345 intentus
983 3297 1094 3368 agere.
1144 3271 1231 3342 Non
1257 3264 1328 3341 sani

356 3391 441 3464 alias
466 3391 693 3496 exereitatior,
721 3391 899 3490 magisque
917 3392 952 3464 in
970 3393 1142 3489 ¹ambiguo
1163 3385 1329 3462 Britannia

356 3511 421 3586 fuir
438 3540 446 3583 :
467 3512 625 3585 trucidati
638 3511 804 3600 veterani,
824 3510 974 3586 incensae,
985 3511 1146 3600 coloniae,
1162 3502 1329 3601 intersepti

359 3630 553 3706 exercitus:
586 3652 662 3704 tum
691 3633 735 3704 de
761 3631 880 3722 salute,
909 3613 994 3704 mox
1023 3633 1068 3716 de
1094 3629 1237 3704 vittoni
1263 3649 1328 3716 cet-

358 3754 484 3827 tavbre.
534 3754 624 3850 Qae
651 3753 775 3826 cundia
804 3755 862 3826 etsi
885 3750 1031 3828 consiliis
1048 3753 1226 3848 duduque
1252 3749 1326 3822 alte·
