3006 4866
324 391 396 488 348
517 391 560 466 C.
600 391 863 466 Connarrr
905 389 1106 468 Tacrrr

323 563 378 638 Ius
395 562 545 658 Atticus,
575 567 757 664 praesedlus
774 557 940 659 cohortis,
955 565 1103 668 juvenili
1119 566 1248 640 ardore
1277 565 1324 639 δε

321 682 447 767 {erucii
463 687 544 784 equi
560 689 716 762 hostibus
732 688 868 763 inlatus.

368 807 577 880 XXXVIII.
603 811 660 882 Er
679 835 764 907 nox,
779 809 922 908 quidem
952 808 1082 908 gaudio
1111 807 1320 906 praeddque

318 925 398 998 Iaeta
413 927 625 1002 visloribus:
651 930 804 1004 Britanni
821 932 986 1028 palantes,
1006 929 1189 1026 mixtoque
1206 927 1314 1001 vlro-

317 1069 396 1118 rum
414 1047 670 1148 mulierumque
687 1053 835 1147 ploratu,
854 1052 987 1124 trahere
1004 1051 1215 1140 vulneratos,
1235 1074 1313 1122 vo·

229 1201 232 1216 ,
311 1151 395 1239 ”care
413 1166 578 1266 integrus,
605 1170 755 1244 deserere
771 1173 911 1262 domos,
940 1196 981 1244 ac
1010 1169 1176 1268 peritam
1204 1170 1312 1242 ultro

317 1285 528 1362 incendere:
564 1289 689 1389 eligere
706 1293 866 1382 latebras,
895 1289 931 1366 ’δι
949 1290 1061 1364 statim
1078 1289 1306 1386 relinquere:

318 1407 461 1482 miscere
478 1409 627 1484 invicem
645 1405 783 1486 consilia
799 1412 928 1510 aliqua,
947 1410 1028 1484 dein
1040 1410 1213 1510 separare:
1236 1409 1309 1482 ali-

318 1532 463 1628 quando
480 1529 590 1630 frangi
616 1531 750 1629 aspedu
779 1531 970 1630 pignorum
996 1530 1150 1619 suorum,
1173 1529 1307 1627 saepiirs

318 1651 507 1726 concitari:
539 1650 681 1748 satisque
709 1653 883 1724 constabat
910 1648 1037 1723 saeviffe
1064 1648 1232 1747 quosdam
1261 1651 1306 1723 in

316 1769 482 1866 conjuges
498 1795 538 1840 ac
554 1770 690 1858 liberos,
709 1790 889 1864 tamquam
907 1766 1154 1843 misererentur.
1180 1773 1304 1844 Prox-

314 1887 403 1960 imus
420 1886 493 1958 dies
520 1885 644 1958 faciem
669 1885 822 1958 vistoriae
851 1885 951 1958 latius
968 1880 1124 1982 aperuit:
1156 1890 1305 1964 vastum

314 2005 446 2104 ubique
474 2006 659 2094 filentium,
688 2005 803 2080 secreti
821 2008 941 2096 colles,
969 2004 1138 2079 fumantia
1168 2013 1301 2104 procul

315 2129 419 2218 tecla,
437 2153 542 2201 nemo
558 2127 832 2224 exploratoribus
850 2125 998 2200 obvius:
1020 2126 1147 2224 quibus
1161 2127 1197 2200 in
1214 2156 1298 2203 om-

314 2273 396 2321 nem
427 2267 559 2344 partem
588 2245 743 2338 dimittis,
767 2247 830 2322 ubi
857 2247 985 2321 incerta
1012 2245 1104 2344 suga:
1133 2249 1292 2347 vestigia,

233 2450 234 2459 ἵ
314 2391 429 2465 neque
456 2366 600 2464 usquam
618 2367 835 2467 conglobari·
852 2367 965 2441 hostes
994 2388 1230 2465 compertum,
1258 2375 1292 2443 δε
1329 2397 1333 2410 ·

314 2489 433 2590 eqaslfi
442 2485 518 2583 jam
534 2485 646 2561 aestate
663 2487 775 2586 spargi
794 2489 926 2562 bellum
943 2487 1124 2586 nequibat,
1151 2489 1189 2562 in
1206 2493 1293 2562 fines

313 2605 543 2680 Horestorum
560 2607 751 2682 exercitum
779 2608 931 2682 deducit.
981 2608 1035 2682 Ibi
1057 2609 1209 2706 acceptis
1226 2612 1292 2682 ob·

313 2727 455 2818 srdibus,
483 2727 647 2824 praeseclo
664 2731 770 2802 classis
787 2737 814 2772 “
832 2728 1046 2803 circumvehi
1058 2728 1292 2804 Britanniam''

314 2847 503 2946 pracepit:
530 2851 619 2920 datae
636 2849 681 2922 ad
700 2849 736 2922 id
754 2849 855 2938 vires,
882 2853 915 2922 δι
934 2849 1289 2946 praecefferatterror:

310 2967 381 3066 ipse
406 2965 558 3068 peditem
583 2988 687 3066 atque
702 2967 832 3066 equites
849 2970 944 3041 lento
965 2967 1097 3059 itinere,
1128 2967 1201 3067 qud
1227 2995 1290 3042 no-

311 3113 435 3162 varum
462 3087 620 3186 gentium
643 3088 751 3161 animi
778 3088 850 3186 ipsal
874 3091 1028 3164 transitos
1055 3093 1151 3162 mora
1184 3110 1291 3162 terre·

208 3251 212 3258 ·
311 3231 443 3300 remur,
474 3209 510 3281 in
539 3207 687 3284 hibernis
717 3209 855 3282 locavit.
908 3211 955 3282 Et
983 3212 1080 3284 fimul
1106 3207 1212 3282 claffis
1241 3210 1290 3282 se-

311 3330 426 3400 cunda
458 3327 658 3425 tempestate
686 3353 728 3401 ac
755 3327 847 3401 sam&
875 3329 1118 3403 Trutulensem
1149 3351 1290 3427 portum

311 3445 435 3534 tenuit,
454 3450 550 3522 unde
560 3447 729 3547 proximo
747 3450 855 3521 latere
867 3447 1048 3524 Britannia
1067 3451 1155 3522 retro
1172 3432 1289 3538 omnis

301 3565 471 3641 redierat.

334 3747 337 3754 .
361 3688 535 3761 XXXIX.
554 3689 796 3762 Huucrerum
812 3688 962 3779 cursum,
977 3715 1191 3789 quamquam
1209 3693 1288 3768 nul·

304 3809 342 3882 'ld
359 3812 545 3883 verborum
568 3806 733 3904 jadantial
761 3810 908 3908 epistolis
926 3811 1102 3912 Agricola
1130 3803 1308 3902 austum,³
