3006 4866
481 388 892 490 Camunnrm
1111 391 1237 500 ffis'

206 581 394 681 quinetiam
411 581 573 686 ,fandum
596 581 743 680 aliquid,
775 579 1013 679 &providum
1036 593 1187 674 putante
1244 681 1247 688 .

206 724 352 778 necant
380 702 519 777 consilia
537 727 657 775 earum
683 700 915 799 aspernantur,
945 719 1003 772 aut
1029 693 1185 794 responsa

206 824 400 923 negligunt.
450 821 626 911 Vidimus,
656 820 718 896 sub
741 821 826 892 divo
840 818 1057 916 Vespasran0,
1080 817 1183 888 Vele·

205 945 303 1038 dam,
334 945 394 1016 diu
418 943 513 1040 apud
531 939 710 1039 plerosque
736 940 886 1013 numinis
914 941 994 1012 loco
1019 937 1185 1012 habitam.

206 1064 274 1136 Sed
294 1069 326 1138 δι
346 1062 432 1136 olim
452 1061 651 1151 Auriniam,
684 1059 921 1157 &compluris
938 1059 1018 1132 alias
1036 1055 1187 1134 venerati

131 1253 133 1260 .
208 1183 301 1273 sunt,
327 1209 399 1256 non
412 1181 624 1271 adulatione,
651 1207 715 1256 nee
731 1204 911 1279 tamquam
928 1181 1075 1255 sace'rent
1093 1181 1185 1252 deas.

188 1313 190 1320 “
260 1305 326 1376 ΙΧ.
352 1305 529 1376 Daonunt
560 1297 951 1378 maxime‘Mercurium
969 1303 1100 1390 colunt,
1130 1297 1188 1372 cui
1274 1389 1276 1398 Ι

218 1421 319 1495 certis
346 1423 481 1511 diebus,
519 1422 679 1496 humanis
706 1449 845 1520 quoque
873 1423 989 1496 hostiis
1018 1422 1116 1494 litare
1138 1417 1189 1492 sas

210 1543 350 1616 habent.
400 1544 594 1615 Herculem
624 1569 663 1616 ac
687 1547 842 1616 Martem
870 1542 1031 1616 conceffis
1056 1541 1188 1614 anima·

211 1661 301 1736 libus
330 1663 491 1759 placant:
523 1675 602 1759 pars
627 1667 820 1738 Suevorum
846 1667 879 1736 δι
908 1663 985 1736 lfidi
1014 1662 1190 1736 sacrificat.
1290 1658 1291 1662 ’
1369 1689 1374 1700 ’

211 1784 319 1857 Unde
335 1783 431 1856 causa
447 1787 480 1855 δι
497 1783 598 1880 origo
611 1785 795 1882 peregrino
813 1783 921 1875 sacro,
948 1811 1075 1882 patum
1092 1809 1190 1855 com-

210 1901 296 1999 peri,
327 1902 388 1976 nisi
407 1902 503 2000 qudd
523 1907 659 2000 signum
677 1905 791 2001 ipsum
818 1906 854 1978 in
872 1905 1019 1978 modum
1042 1905 1190 1977 liburnae

210 2025 414 2120 figuratum,
433 2023 537 2094 docet
554 2024 735 2096 advenam
752 2023 967 2120 religionem.
1006 2025 1189 2114 Ceterum,

211 2143 281 2216 nec¹
293 2139 457 2216 cohibere
475 2140 657 2236 parietibus
674 2143 784 2230 deos,
800 2143 913 2238 neque
937 2143 974 2214 in
993 2143 1103 2214 ullam
1124 2145 1190 2245 liu-

213 2262 307 2337 mani
339 2260 408 2334 oris
428 2335 431 2342 ,
448 2258 597 2355 speciem
624 2261 840 2352 adsimulare,
878 2286 924 2332 ex
941 2259 1193 2358 'magnitudine

176 2387 178 2394 ’
210 2381 399 2456 caelestium
411 2379 631 2454 arbitrantur:
651 2382 747 2456 lucos
763 2407 803 2456 ac
817 2406 962 2454 nemora
978 2378 1190 2473 consecrant,

214 2503 432 2598 deorumque
465 2501 664 2576 nominibus
693 2504 866 2600 appellant
894 2502 1061 2577 secretum
1089 2501 1191 2594 illud,
1301 2515 1303 2521 “

219 2623 316 2722 quod
333 2622 401 2696 sold
419 2622 607 2696 reverentia
625 2623 757 2698 vident.

266 2744 314 2817 X.
342 2747 556 2840 Auserem,
585 2742 768 2842 sortesque,
791 2765 829 2818 ut
849 2745 910 2844 qui
936 2742 1103 2833 maxime,
1129 2745 1192 2818 ob-

216 2863 360 2936 servant.
397 2863 559 2936 ·Sortium
587 2864 799 2940 consuetudo
832 2869 1002 2963 simplex:
1044 2865 1192 2962 virgam,

215 2980 389 3080 frugiferae
418 2983 532 3056 arbori
561 2983 722 3077 decisam,
758 2987 792 3060 in
821 2987 970 3060 surculos
997 2977 1193 3083 amputant,
1241 3059 1242 3065 ,

215 3101 354 3200 eosque,
396 3103 485 3176 notis
510 3104 715 3200 quibusdam
741 3107 913 3197 discretos,
942 3105 1043 3205 super
1065 3107 1193 3182 'candi-

109 3260 113 3268 ·
215 3225 299 3296 dam
318 3223 446 3296 vestem
463 3245 592 3298 temere
609 3252 649 3299 ac
671 3226 813 3300 fortuito
834 3227 1019 3326 spargunt:
1050 3256 1148 3321 mox,
1170 3233 1194 3304 fi

196 3342 358 3439 'publice
387 3344 593 3436 consuletur,¹
622 3347 778 3421 sacerdos
807 3347 968 3440 civitatis,
1005 3353 1052 3422 s1n
1081 3351 1194 3450 priva·

218 3461 297 3552 tim,
326 3461 395 3558 ipse
421 3464 669 3560 paterfamiliae,
700 3487 853 3565 precatus
875 3471 971 3560 deos,
1003 3473 1196 3570 eaelumque

101 3653 107 3664 ,
218 3581 415 3679 suspiciens,
443 3605 493 3658 tet
511 3588 661 3684 singulos
678 3589 782 3679 tollit,
808 3589 977 3682 sublatoS,
1005 3591 1196 3665 secundum

218 3701 418 3798 impressam
443 3707 523 3778 ante
551 3729 685 3799 notam,
715 3708 968 3807 interpretatur.
1017 3713 1052 3785 Si
1078 3711 1195 3809 prohi-
1273 3794 1276 3800 ,

220 3823 382 3917 buerunt,
409 3827 516 3919 nulla,
540 3829 584 3934 de
612 3825 734 3905 easdem
751 3833 806 3922 re,
833 3829 870 3905 in
894 3834 1057 3909 eumdem
1086 3831 1212 3920 diem,-
