3006 4866
324 393 394 468 340
538 362 1118 440 ccotssauTi‘cm

330 533 472 608 nomine
484 536 665 634 Calgacus,
684 536 780 633 apud
792 537 1010 609 ,contradam
1026 531 1317 629 multitudinem,

328 654 492 754 proelium
508 653 720 753 poscentem,
744 655 781 732 in
803 657 896 732 hunc
912 656 1061 748 modum
1082 655 1217 727 locutus
1234 649 1317 727 ser-

277 783 280 791 *
329 795 395 848 tut.

373 899 496 970 XXX.
523 903 551 942 “
569 901 780 996 Qrormns
797 897 911 978 causas
927 895 1054 970 belli&
1071 895 1311 968 necessitatem

330 1023 357 1060 “
375 1017 526 1102 nostram
543 1017 692 1110 intueor,
715 1044 863 1118 magnus
884 1017 970 1090 mihi
996 1015 1138 1096 animust
1153 1014 1308 1104 estmo-

328 1143 356 1180 “
374 1137 533 1212 diernum
549 1139 658 1230 diem,
688 1138 956 1236 consensumque
969 1137 1136 1225 uestrum,
1161 1133 1307 1206 initium

326 1264 354 1302 “
371 1257 539 1343 libertatis
555 1259 659 1334 totius
676 1253 858 1334 Btitanniae
870 1257 952 1332 sore.
990 1260 1087 1332 Nam
1105 1258 1138 1328 δι
1155 1254 1306 1328 universi

328 1383 356 1422 “
375 1376 546 1454 servitutis
564 1401 735 1478 expertes,
765 1381 924 1454 &nullae
949 1379 1040 1452 ottrt
1063 1397 1173 1465 tetrae,
1199 1399 1239 1480 ae
1258 1398 1307 1446 ne

329 1504 356 1542 “
377 1524 471 1572 mare
497 1499 639 1596 quidem
660 1500 830 1590 securum,
859 1498 1062 1574 imminente
1084 1497 1182 1570 nobis
1200 1495 1307 1568 classe

252 1673 255 1684 .
328 1624 356 1660 “
376 1621 556 1692 Romani:
575 1620 622 1692 ita
638 1620 801 1716 proelium
819 1638 923 1716 atque
938 1631 1045 1709 arma,
1060 1643 1137 1715 quae
1156 1617 1307 1690 sortibus

329 1743 356 1783 “
373 1737 528 1826 honesta,
560 1740 680 1810 eadem
709 1738 814 1810 etiam
846 1737 980 1835 ignavis
1012 1737 1178 1815 tutissima
1212 1737 1306 1810 sunt.

258 1895 261 1900 ·
324 1839 501 1928 “Priores
525 1881 666 1953 pugnae,
684 1857 811 1953 quibus
828 1858 990 1930 adversirs
1007 1861 1188 1938 Romanos
1205 1857 1306 1928 varid

325 1984 352 2020 “
371 1966 510 2048 sortund
527 1995 692 2049 certatum
716 1976 777 2067 est,
794 1975 888 2074 spem
905 2003 945 2050 ac
961 1973 1148 2050 subsidium
1165 1973 1202 2046 in
1221 1973 1301 2047 nos-

324 2103 351 2138 “
371 2095 431 2169 ttis
455 2095 613 2170 manibus
639 2097 836 2177 habebant:
868 2097 949 2196 quia
972 2093 1169 2178 nobilissimi
1194 2094 1303 2168 totius

325 2224 353 2266 ‘⁴
370 2216 567 2308 Britannia,
596 2218 707 2315 edque
728 2220 765 2292 in
786 2219 864 2316 ipsis
880 2216 1114 2316 penetralibus
1144 2214 1210 2304 fiti,
1236 2197 1303 2288 ne⁴c
1381 2239 1386 2250 ·

326 2331 593 2411 “servientium
620 2338 720 2413 litora
740 2338 950 2436 aspicientes,
975 2338 1094 2410 oculos
1118 2355 1258 2434 quoque
1279 2361 1302 2408 a

250 2515 253 2520 .
326 2465 353 2502 “
371 2458 531 2532 contadu
570 2457 814 2534 dominationis
854 2458 1035 2532 inviolatos
1076 2458 1300 2530 habebamus.

325 2584 353 2620 “
372 2578 463 2666 Nos,
492 2596 660 2652 tetrarum
685 2583 726 2652 sc
750 2578 914 2654 libertatis
940 2567 1130 2668 extremos,
1155 2569 1299 2682 recessus

325 2705 353 2743 “
373 2694 441 2794 ipse
454 2724 493 2771 ac
510 2703 598 2772 finus
617 2698 717 2772 samae
734 2699 771 2772 in
787 2701 880 2774 hunc
896 2698 992 2773 diem
1004 2697 1176 2772 defendit:
1204 2723 1298 2784 nunc
1342 2702 1346 2710 '

227 2811 232 2829 '
326 2826 353 2866 “
371 2807 538 2892 terminus
553 2819 735 2894 Britanniae
753 2840 869 2918 patet:
893 2840 997 2917 atque
1014 2799 1119 2894 omne
1136 2819 1297 2918 ignotum

323 2947 351 2982 “
371 2965 433 3036 pto
461 2940 650 3038 magnifico
678 2940 738 3014 est.
787 2941 853 3014 Sed
879 2943 974 3014 nulla
988 2939 1064 3038 jam
1084 2941 1174 3014 *ultra
1196 2965 1294 3038 gens,

323 3067 351 3108 “
369 3059 455 3138 nihil
471 3058 530 3134 nisr
547 3061 671 3136 fluctus
689 3067 722 3134 ἃ
740 3062 832 3152 saxa,
851 3065 885 3136 δι
910 3059 1099 3152 infestiores
1116 3059 1292 3136 Romani:

323 3186 351 3222 “
371 3207 521 3276 quorum
548 3179 742 3278 superbiam
775 3180 899 3257 frustra
927 3208 989 3280 per
1020 3180 1227 3280 obsequium
1260 3184 1294 3254 dt

322 3304 352 3340 “
369 3300 574 3374 modestiam
591 3300 774 3400 effugeris:
803 3321 957 3398 raptores
974 3303 1080 3394 orbis,
1110 3301 1296 3400 postquam

239 3507 241 3512 Ι
286 3477 288 3484 .
322 3423 350 3466 “
368 3420 493 3494 cunda
509 3415 715 3497 villantibus
738 3420 880 3498 desudre
901 3443 1011 3512 terrae,
1045 3427 1078 3495 δι
1096 3421 1293 3506 matesctu-

323 3541 350 3586 ‘⁶
367 3555 505 3610 tantur:
539 3544 560 3614 st
578 3543 733 3640 locuples
752 3543 856 3620 bostis
873 3545 932 3634 est,
964 3543 1078 3616 avari:
1107 3548 1129 3616 fi
1148 3567 1290 3640 pauper,
1317 3589 1331 3608 ·.

320 3665 348 3710 “
367 3655 551 3732 ambitiosi:
569 3661 743 3757 quos'n'on
761 3663 898 3755 Oriens,
912 3691 983 3739 non
995 3665 1182 3754 Occidens,
1195 3661 1297 3738 satia-

319 3785 347 3830 “
366 3777 477 3861 vetite
508 3778 568 3858 soli
595 3783 768 3878 omnium,
798 3810 881 3888 opes
909 3805 1013 3886 atque
1036 3785 1192 3888 inopiam
1221 3784 1293 3885 pari
