3126 4864
440 377 741 458 arrnrrru
768 369 1005 456 hrt-XIV.
1183 383 1250 474 179

208 609 215 618 x
270 554 300 631 l‘
312 551 422 643 se,'ut
445 553 608 643 Burrum,
634 550 782 630 diversas
805 551 894 650 spes,
913 531 972 627 sed
988 549 1097 634 solam
1114 547 1250 626 Incolu-

267 672 471 752 “mitatem
489 673 642 750 Neronis
670 672 848 772 spestarea
871 672 930 748 ¹eui
963 671 1079 747 caveri
1108 664 1249 746 utcum-

268 799 298 898 ξι
317 819 387 892 que
404 797 451 873 ab
468 794 623 874 Urbanis
651 793 779 872 insidiis
808 793 1010 892 praesentil;
1037 791 1253 892 longinquos
1297 820 1299 825 ’

266 894 301 974 ’39
314 929 431 994 morus
448 940 607 1012 quonam
625 917 735 993 modo
752 916 940 1013 comprimi
964 917 1085 1022 polle?
1112 915 1252 988 Ereslaa
1357 981 1360 985 ,

141 1043 147 1050 ’
265 1043 297 1111 ·‘.‘
315 1035 448 1114 Gallias
465 1037 511 1112 ad
527 1060 659 1112 nomen
682 1018 922 1126 dieratoriurn,
950 1061 1015 1112 nec
1042 1035 1160 1110 minirs'
1181 1029 1250 1108 sus·

266 1165 296 1204 “
315 1161 434 1256 petros
468 1161 560 1232 Afiae
593 1159 758 1256 populos,
796 1157 1002 1232 claritudine
1041 1158 1097 1232 avi
1136 1159 1253 1232 Drufi.

266 1263 298 1326 ‘⁸‘
315 1281 448 1354 Sullam
465 1277 624 1376 inopem,
643 1282 738 1353 unde
755 1278 968 1377 precipuum
985 1279 1165 1352 audaciam
1180 1308 1191 1364 ;
1218 1279 1253 1352 dt

268 1401 551 1475 “simulatorem
568 1397 738 1499 segnitiae,
757 1401 846 1474 dum
858 1399 1042 1474 temeritati
1056 1399 1177 1472 locum
1200 1423 1253 1470 re-

268 1528 297 1566 “
314 1521 452 1620 periret.
517 1522 683 1595 Plautum
708 1521 846 1620 magnis
877 1520 1020 1618 opibus,
1050 1546 1097 1594 ne
1120 1522 1255 1618 fingere

203 1687 207 1704 ·
265 1647 296 1702 ·“
314 1641 458 1740 quidem
473 1641 677 1738 cupidinem
693 1641 769 1731 otii,
794 1641 854 1722 sed
887 1660 1045 1716 veterum
1068 1645 1253 1716 Romano·
1335 1695 1344 1712 ,
1403 1695 1408 1706 .

188 1832 189 1835 ,
265 1768 295 1806 “
314 1782 394 1836 rum
411 1761 629 1838 imitamenta
646 1761 823 1860 praeferre,
842 1755 1023 1861 adsumpti
1040 1763 1146 1836 etiarn
1162 1759 1253 1836 Stoi-

266 1886 294 1930 “
312 1909 437 1958 corum
462 1883 683 1982 adrogantia,
709 1865 884 1981 festique,
902 1909 983 1980 quae
1008 1885 1182 1975 turbidos,
1219 1887 1254 1958 δι

178 2043 187 2058 «
265 2011 294 2049 “
311 2005 538 2104 negotiorum
555 2005 758 2099 adpetentes
774 1999 915 2074 faciat.”
940 2004 1019 2072 Nec
1035 2003 1127 2076 ultra
1143 2029 1253 2080 mora.

221 2172 222 2186 κ
264 2126 372 2217 Sulla,
390 2123 489 2199 sexto
506 2122 564 2198 die
581 2121 751 2218 pervectis
768 2119 958 2194 Maffiiiam
983 2123 1253 2217 percussoribus,
1270 2158 1295 2188 υ

262 2267 345 2322 ante
362 2263 499 2320 metum
518 2244 552 2314 tc
571 2265 747 2316 rumorem
764 2241 983 2334 interficitur,
1010 2243 1094 2316 clun
1107 2244 1252 2340 epulan-

250 2365 303 2440 ¹di
320 2353 422 2441 causi
436 2362 680 2438 discumberet.
725 2363 893 2438 Relatum
918 2383 1024 2462 caput
1043 2361 1115 2461 ejus
1137 2363 1253 2438 inlufit
1298 2345 1299 2348 Ἴ

264 2487 378 2576 Nero,
404 2504 589 2583 tamquam
606 2480 814 2582 praematura
831 2484 957 2560 canitie
974 2484 1145 2560 deforme.

312 2608 451 2683 LVIII.
477 2601 653 2694 Pururo'
680 2607 792 2706 parari
817 2611 963 2698 necem,
997 2634 1071 2682 non
1109 2607 1255 2706 perinde
1309 2696 1311 2701 .
1372 2647 1376 2665 ι

242 2721 445 2804 'occultum
462 2725 543 2818 fuit,
568 2728 651 2826 quia
673 2729 833 2827 pluribus
852 2720 940 2803 salus
962 2725 1034 2827 ejus
1056 2733 1253 2820 curabatur,

266 2853 300 2923 δι
318 2847 468 2946 spatium
482 2839 611 2924 itineris
627 2875 668 2924 ac
685 2850 789 2924 maris
806 2847 1016 2948 tempusque
1032 2849 1254 2948 interjectum

191 3037 208 3048 ..
265 2988 426 3076 moverat
442 2967 601 3048 samam:
629 2971 812 3070 vulgoque
836 2973 1031 3071 fingebant,
1059 2970 1253 3070 “petitum

168 3113 172 3117 ·
268 3093 427 3164 “abeo
456 3088 740 3182 Corbulonem,''
770 3091 908 3191 magnis
939 3113 1016 3166 turn
1044 3093 1253 3168 exercitibus

265 3212 521 3311 presidentem,
536 3215 577 3286 ·s1
605 3212 688 3286 clari
712 3233 818 3312 atque
841 3212 993 3289 insontes
1017 3215 1253 3300 interficeren-

264 3351 336 3422 tur,
364 3331 582 3430 praecipuum
604 3335 650 3408 ad
677 3333 856 3432 pericula:
900 3337 1040 3436 “quin
1067 3344 1103 3412 ac
1132 3341 1259 3412 Asiam

265 3451 434 3528 “favore
460 3451 602 3552 juvenis
635 3461 732 3529 arma
757 3456 896 3556 cepisse,
940 3480 1005 3532 nec
1030 3457 1171 3548 milites,
1207 3457 1254 3548 ad

266 3581 296 3620 “
312 3573 421 3652 scelus
435 3573 575 3666 missos,
602 3596 662 3650 aut
695 3601 843 3652 numero
868 3577 1019 3671 validos,
1041 3575 1253 3675 'autsanimp

259 3703 296 3746 =“
314 3717 521 3796 promptos:
543 3697 728 3796 postquam
746 3693 837 3797 juffa
854 3701 991 3774 efficere
1015 3685 1251 3799 nequiverint,
1410 3697 1413 3702 ’
1486 3773 1488 3780 ⁴

268 3823 297 3872 “
314 3821 361 3892 ad
377 3818 451 3919 spes
469 3845 577 3924 novas
592 3817 779 3895 transrffe.''
828 3823 913 3916 Una
929 3823 1004 3896 haec
1023 3847 1119 3900 more
1132 3821 1251 3910 famaer

700 3941 738 4014 N
765 3965 784 4012 a

686 4055 697 4089 Ι
