3006 4866
351 369 424 472 336
552 368 595 446 C.
634 368 901 444 Contraxit
943 361 1150 444 TA'crrr

348 541 522 634 instruxit,
551 541 587 614 in
610 541 708 640 spem
729 543 857 642 magis,
885 545 994 642 quam
1010 547 1058 619 ob
1074 541 1326 616 formidinem
1344 563 1355 613 a

349 651 517 762 fiquidem
535 662 725 754 Hibernia,
755 664 874 738 medio
891 664 980 738 inter
996 664 1225 738 Britanniam
1245 683 1358 760 atque

347 782 557 881 Hispaniam
585 787 659 874 fita,
695 790 729 858 δι
758 787 895 860 Gallico
922 809 1063 884 quoque
1088 785 1184 858 mari
1209 809 1353 882 oppor-

346 923 443 994 tuna,
469 904 735 978 valentiffimam
762 906 899 1003 imperii
927 927 1059 1004 partem
1083 905 1237 1005 magnis
1256 903 1351 976 invi-

300 1077 305 1094 ,
345 1051 423 1100 cem
445 1027 561 1098 usibus
585 1025 769 1101 miscuerit.
818 1027 977 1124 Spatium
994 1025 1078 1125 ejus,
1106 1024 1352 1100 fiBritanniae

345 1165 577 1244 comparetur,
596 1147 783 1245 angustius,
801 1147 909 1222 nostri
926 1149 1028 1222 maris
1043 1147 1166 1221 insulas
1186 1145 1349 1243 superat.

344 1269 468 1342 Solum
490 1271 699 1368 caelumque,
725 1268 916 1366 &ingenia
939 1267 1120 1366 cultusque
1144 1267 1348 1340 hominum

344 1389 441 1461 haud
458 1389 608 1462 multirm
633 1415 653 1462 a
669 1389 840 1462 Britannia
857 1387 1046 1462 differunt:
1074 1389 1205 1461 melius
1225 1387 1347 1460 aditus

344 1507 533 1608 portusque
548 1537 611 1608 per
631 1510 842 1586 commercia
868 1515 901 1584 ὃ(
928 1509 1160 1606 negotiarores
1184 1503 1345 1604 cogniti.

345 1630 516 1728 Agricola
539 1629 722 1727 expulsum
745 1625 910 1703 seditione
934 1629 1124 1702 domestica
1142 1637 1272 1701 unum
1301 1649 1346 1698 ex

343 1749 472 1846 regulis
497 1749 608 1845 gentis
625 1769 821 1844 exceperat,
840 1775 880 1820 ac
895 1747 1006 1843 specie
1022 1747 1183 1840 amicitiae
1218 1746 1264 1819 in
1284 1771 1345 1818 oc-

343 1872 515 1943 cafionem
541 1866 718 1940 retinebat.
766 1868 864 1961 Saepe
891 1891 935 1940 ex
961 1889 1003 1940 eo
1025 1867 1157 1955 audivi,
1184 1867 1345 1964 legione

343 1991 415 2063 una
429 1993 462 2062 &
477 1987 624 2061 modicis
636 1985 773 2060 auxiliis
784 1986 946 2060 debellari
960 1985 1177 2082 obtinerique
1192 1987 1342 2060 Hiber-

343 2111 438 2200 niam
473 2110 581 2207 polle.
639 2103 754 2204 quue
783 2108 886 2181 etiam
915 2107 1079 2180 adversita
1111 2107 1339 2215 Britanniam

344 2231 582 2332 profuturum,
614 2233 636 2302 fi
656 2222 820 2303 Romana
843 2228 976 2326 ubique
998 2253 1107 2320 arma,
1133 2231 1167 2300 &
1193 2231 1336 2302 velute

298 2429 303 2443 ,
344 2353 533 2452 conspeetu
551 2349 688 2423 libertas
705 2350 892 2422 tolleretur.

251 2569 254 2576 ι
391 2475 513 2548 XXV.
537 2471 735 2544 Caranon
751 2470 878 2559 aestate,
905 2472 973 2567 qul
989 2468 1125 2546 sextum
1141 2471 1251 2546 officii
1270 2495 1328 2544 an·

342 2620 430 2670 num
457 2592 659 2680 inchoabat,
688 2592 872 2688 amplexus
897 2591 1052 2666 civitates
1081 2613 1177 2666 trans
1212 2594 1329 2667 Bodo-

340 2716 441 2788 triam
459 2716 547 2801 srtat,
567 2711 649 2808 quia
665 2731 781 2785 motus
792 2712 1025 2790 universarum
1042 2715 1132 2786 ultra
1150 2713 1324 2812 gentium,

342 2841 377 2910 bt
394 2833 515 2909 infesta
531 2832 643 2906 hostili
655 2831 810 2906 exercitu
827 2834 948 2907 itinera
965 2834 1189 2924 timebantur,
1208 2854 1324 2932 portus

340 2958 443 3032 claffe
464 2952 676 3050 exploravit:
707 2980 786 3051 quae
814 2956 859 3027 ab
875 2954 1056 3050 'Agricola
1086 2955 1241 3052 primirm
1265 2953 1323 3028 ad·
1446 2939 1447 2964 ¹

276 3119 280 3132 ·
340 3077 480 3175 sumpta
499 3075 535 3148 in
553 3093 685 3171 partem
702 3074 841 3164 virium,
864 3070 1070 3180 sequebatur
1086 3077 1227 3174 egregia
1250 3073 1322 3170 spe·
1342 3141 1346 3152 .

341 3197 409 3286 cie,
435 3198 519 3272 clun
536 3197 635 3269 fimul
651 3198 752 3285 terra,
780 3195 879 3268 simul
905 3196 990 3269 mari
1016 3198 1148 3270 bellum
1167 3195 1321 3294 impelle·

339 3337 447 3405 retur,
470 3342 510 3390 ac
538 3314 627 3413 saepe
644 3315 763 3388 iisdem
788 3315 903 3392 castris
927 3318 1045 3414 pedes,
1069 3315 1257 3415 equesque,
1287 3318 1319 3388 br

340 3434 497 3511 nauticus
517 3435 628 3526 miles,
656 3437 757 3510 mixti
773 3435 882 3533 copiis
900 3441 933 3510 δι
950 3436 1080 3525 latitia,
1104 3436 1162 3510 sua
1172 3421 1316 3535 ¹quisque

300 3586 308 3601 ·
339 3557 443 3646 faeta,
462 3551 539 3626 suos
556 3554 651 3630 casus
662 3559 886 3652 attollerent:
918 3584 957 3631 ac
976 3556 1083 3631 modo
1114 3565 1143 3600 “
1163 3560 1313 3632 filvarum

341 3689 370 3726 “
390 3674 612 3754 &montium
631 3677 841 3774 profunda,’'
859 3673 968 3752 modi)
981 3678 1260 3775 “tempestatum
1276 3695 1314 3744 ac

289 3867 292 3874 ,
342 3810 370 3853 “
388 3801 558 3880 flutiuum
573 3797 753 3890 adversa,''
777 3798 859 3874 hinc
878 3807 904 3844 “
923 3804 1060 3900 terra&
1078 3799 1222 3920 bostis,”
1238 3797 1311 3872 hinc
