3120 4860
453 390 750 460 Arunrrun
784 387 896 458 er.
929 387 1011 460 XV.
1158 413 1230 492 233

152 603 158 622 a
259 577 376 636 motus
392 561 458 652 his,
490 566 524 634 Sc
543 563 737 660 paullulum
753 563 790 634 in
807 562 949 660 publico
967 561 1128 651 versatus,
1154 563 1233 659 post

257 683 357 756 domi
373 681 531 786 secretus,
557 682 716 756 animum
741 683 923 756 adversirm
939 682 1232 780 supremafirma-

260 805 333 894 bat,
355 805 467 878 donec
492 803 782 876 manus‘militum
806 803 998 892 adveniret,
1022 827 1111 899 quos
1135 803 1234 876 Nero

258 922 401 1012 tirones,
420 944 479 996 aut
506 923 683 1020 stipendiis
710 941 876 1012 recentes,
900 924 1086 1020 delegerat.
1135 924 1234 996 Nam

258 1063 359 1115 vetus
378 1043 476 1116 miles
500 1043 698 1133 timebatur,
723 1065 902 1141 tamquam
927 1042 1043 1115 favore
1066 1041 1234 1130 imbutus.

257 1162 371 1252 Obiit,
405 1164 561 1261 abruptis
577 1163 796 1238 brachiorum
813 1161 921 1236 venis.
969 1163 1234 1238 Testamentum

258 1281 363 1356 foedis
402 1284 564 1356 adversita
597 1273 779 1356 Neronem
810 1282 1081 1372 adulationibus,
1122 1283 1233 1356 amori

139 1473 142 1478 .
256 1403 374 1475 uxoris
399 1403 510 1494 dedit,
537 1430 645 1502 quam
662 1404 887 1502 degenerem,
915 1409 949 1479 St
980 1403 1050 1478 sola
1078 1404 1230 1500 corporis

258 1520 370 1596 forma
389 1519 685 1613 commendaram,
713 1524 818 1596 amici
835 1523 1057 1605 matrimonio
1083 1524 1233 1598 abstule-

180 1691 184 1704 .
256 1663 320 1716 rat.
347 1645 490 1716 Nomen
507 1644 670 1738 mulieris,
690 1644 792 1717 Arria
808 1645 934 1728 Galla;
965 1644 1073 1740 priori
1090 1644 1231 1735 mauro,

163 1757 168 1762 ⁵
257 1763 435 1836 Domitius
470 1763 594 1838 Silius:
631 1753 688 1852 hic
711 1764 888 1862 patientia,
913 1763 973 1842 illa
996 1763 1230 1862 impudicitia,

255 1882 383 1957 Pisonis
407 1882 586 1958 infamiam
613 1888 860 1983 propagavdre.

301 2005 393 2103 LX„
410 2007 636 2078 Pnoxrnnnr
654 2030 776 2080 necem
793 2003 920 2094 Plautii
938 2004 1113 2106 Laterani,
1144 2031 1229 2094 con·

156 2172 161 2185 r
221 2213 224 2218 Ι
255 2123 533 2221 sulisdesrgnati,
564 2125 664 2196 Nero
697 2119 868 2218 adjungit,
897 2119 985 2194 adeo
1002 2123 1160 2218 propere,
1190 2146 1231 2198 nt

250 2271 322 2320 non
355 2242 543 2340 complesti
561 2241 702 2333 liberos,
738 2267 812 2314 non
846 2239 934 2322 illud
965 2242 1071 2314 breve
1105 2245 1228 2318 mortis

255 2364 435 2438 arbitrium
455 2361 697 2459 permitteret.v
730 2365 867 2458 Raptus
893 2360 930 2434 in
957 2361 1076 2436 locum
1100 2361 1229 2440 servili·
1335 2403 1336 2407 =

256 2485 322 2559 bus
339 2482 454 2582 poenis
473 2481 673 2579 seposrtum,
701 2507 807 2556 manu
820 2481 932 2572 Statii,
958 2481 1098 2572 tribuni,
1123 2485 1229 2558 truci·

254 2604 372 2695 datur,
402 2605 525 2702 plenus
545 2603 728 2679 constantis
747 2603 881 2693 filentii‚
910 2627 973 2676 nec
997 2603 1141 2678 tribuno
1164 2607 1227 2678 ob·

179 2747 183 2756 ·
247 2723 371 2823 jiciens
409 2727 570 2801 eamdem
606 2723 874 2802 conscientiam,
912 2724 1075 2823 Sequitur
1117 2728 1228 2800 caedes

254 2846 381 2922 Annaei
405 2849 556 2937 Seneca,
583 2845 931 2944 laeriffimaPrincipi,
950 2845 1121 2942 nunquia
1141 2873 1227 2921 con·

217 3061 222 3078 ι
248 2967 430 3067 jurationis
463 2965 684 3042 manifestum
716 2987 946 3064 compererat,
979 2966 1036 3040 sed
1068 2989 1108 3042 ut
1137 2967 1228 3044 ferro

254 3090 470 3185 grassaretur,
504 3091 648 3190 quando
688 3114 861 3162 venenum
904 3114 974 3162 non
1014 3090 1227 3184 procellerat.

253 3210 354 3281 Solus
391 3209 523 3306 quippe
564 3209 713 3299 Natalis,
752 3214 785 3282 δε
826 3211 990 3282 haetenus
1026 3213 1224 3308 prompfit:

255 3329 441 3406 “millum
470 3329 502 3402 se
530 3332 574 3402 ad
601 3311 772 3428 aegrorum
804 3330 984 3420 Senecam,
1009 3330 1062 3402 uti
1093 3330 1226 3422 viseret,

254 3459 282 3504 ‘⁴
298 3471 653 3548 conquerereturque,
677 3476 739 3528 cur
762 3449 921 3526 Pisonem
946 3451 1043 3524 aditu
1069 3459 1224 3527 arceret?

253 3579 280 3618 ‘⁴
299 3571 423 3646 melius
439 3569 527 3661 fore,
547 3575 569 3644 sr
586 3569 773 3662 amicitiam
791 3569 950 3646 familiari
968 3576 1148 3670 congressu
1162 3601 1226 3648 ex-

252 3699 280 3744 ⁴‘
297 3691 515 3766 ercuiffent.''
566 3694 612 3764 Et
644 3689 848 3788 respondisse
876 3694 1064 3766 Senecam:
1106 3703 1133 3739 “
1158 3695 1223 3770 ser,

253 3819 280 3870 θ’
297 3837 418 3901 mones
431 3831 585 3903 munros,
616 3816 649 3910 a
672 3814 790 3888 crebra
807 3812 995 3912 conloquia
1011 3815 1123 3894 neutri
1139 3841 1222 3889 con,
