3120 4860
359 369 429 442 226
575 359 1179 442 C.Conreen11Taerrt

242 622 252 634 ι
361 542 389 579 “
407 534 558 610 militum
585 533 768 625 acerrimos
798 509 925 608 ducere
949 535 987 610 in
1012 556 1136 636 partes,
1161 559 1201 612 ac
1226 535 1342 634 digna

365 651 521 752 “pretia
554 653 800 752 exspedaret.''
851 655 1011 732 Nomina
1041 676 1157 732 tamen
1179 655 1342 754 conjura⁴

355 794 476 847 torum<
499 773 644 848 reticuit.
706 777 816 852 Unde
843 766 983 852 Proculi
1007 777 1175 882 indicium
1203 775 1342 850 irritum·

356 893 435 984 fuit,
466 896 627 992 quamvis
662 923 716 989 ea,
752 925 831 996 quae
869 897 1037 989 audierat,
1080 899 1124 972 ad
1157 899 1338 972 Neronem

355 1015 539 1091 detuliffet.
590 1018 716 1092 Accita
738 1019 869 1117 quippe
894 1018 1092 1117 Epicharis,
1119 1022 1153 1092 δι
1177 1043 1260 1092 cum
1282 1017 1335 1092 in-

353 1136 433 1210 dice
448 1141 650 1236 compofita,
670 1139 774 1212 nullis
796 1139 939 1214 testibus
956 1139 1119 1236 innixum
1135 1138 1235 1214 facile
1252 1163 1335 1214 con·

356 1256 495 1332 furavit.
544 1261 612 1334 Sed
629 1259 700 1358 ipsa
728 1259 765 1334 in
790 1261 945 1334 custodia
961 1279 1094 1336 retenta
1111 1259 1174 1351 est,
1204 1259 1334 1358 suspec-

356 1397 453 1456 tante
476 1383 635 1472 Nerone,
666 1384 761 1455 haud
792 1380 873 1454 falsa
905 1384 987 1472 effe,
1016 1381 1122 1456 etiam
1149 1406 1228 1479 quae
1255 1405 1338 1454 vera

353 1525 427 1573 non
442 1505 689 1598 probabantur.

400 1622 482 1694 LII.
509 1625 762 1714 ConJunnrrs
780 1639 898 1694 tamen
915 1641 1012 1696 metu
1034 1621 1238 1718 proditionis
1255 1646 1335 1718 per·

352 1739 470 1828 motis,
500 1739 669 1835 placitum
693 1761 865 1813 maturare
886 1741 1021 1814 caedem
1044 1741 1141 1837 apud
1157 1741 1272 1834 Baias,
1297 1740 1338 1814 in

351 1858 434 1932 villa
455 1857 602 1939 Pisonis:
634 1857 729 1957 cnjus
753 1859 957 1934 am'oenitate
981 1879 1101 1958 captus
1118 1857 1232 1932 Caesar
1256 1887 1338 1936 cre·

348 1978 413 2052 brd
431 1979 636 2069 ventitabat,
664 1959 920 2077 balneasque&
939 1981 1059 2078 epulas
1082 1979 1206 2070 inibat,
1226 1979 1336 2054 omis-

263 2157 265 2168 .
346 2103 386 2174 fis
416 2100 587 2192 excubiis,
622 2099 826 2174 &fortunae
858 2099 926 2174 suae
952 2102 1059 2174 mole.
1107 2102 1176 2176 Sed
1206 2101 1331 2176 abnuit

349 2221 428 2296 Piso
459 2230 486 2265 “
504 2221 697 2296 invidiam”
726 2221 959 2320 praetendens,
990 2229 1017 2264 “
1044 2224 1068 2294 fi
1096 2220 1334 2296 sacramenia

350 2343 517 2442 “diique
541 2341 725 2440 hospitales
754 2345 849 2416 caede
871 2342 1134 2441 qualiscunque
1159 2341 1335 2440 Principis

350 2473 378 2508 “
393 2482 667 2539 cruentarentur.
737 2462 869 2536 Melius
901 2465 999 2560 apud
1033 2465 1174 2538 Urbem
1206 2463 1331 2536 inille

349 2593 376 2630 “
395 2585 517 2674 invisa,
544 2589 578 2657 a
600 2581 714 2680 spoliis
733 2581 862 2658 civium
883 2583 1054 2658 exstrudld
1070 2585 1193 2673 domo,
1212 2585 1268 2656 vel
1285 2583 1333 2658 'in

352 2703 543 2802 “publico
571 2723 782 2802 patraturos,
808 2705 905 2802 quod
935 2729 998 2802 pro
1023 2703 1199 2801 republica
1220 2699 1330 2780 susce·

307 2879 311 2886 .
349 2833 377 2870 “
397 2825 556 2922 pilsent.'’
605 2827 698 2898 Haec
719 2825 756 2896 in
782 2847 995 2898 commune:
1024 2821 1178 2898 cetenlm
1206 2822 1335 2900 timore

347 2949 502 3036 occulto,
531 2969 576 3018 ne
605 2947 651 3017 L.
677 2943 824 3034 Silanus,
838 2999 841 3008 ι
855 2943 985 3018 eximia
1008 2945 1203 3038 nobi-litate,
1229 2943 1329 3018 disci·

347 3069 522 3166 plinaque·
539 3066 579 3138 C.
597 3065 713 3156 Caffii,
736 3066 833 3162 apud
859 3091 966 3163 quem
987 3065 1154 3140 educatus
1172 3086 1255 3158 erat,
1284 3066 1332 3140 ad

347 3213 492 3260 omnem
509 3185 750 3260 claritudinem
776 3185 942 3276 sublatus,
968 3186 1158 3284 imperium
1185 3187 1337 3304 invade--

346 3327 412 3396 ret,
443 3305 606 3403 prompte
632 3306 763 3380 daturis
786 3331 942 3404 operam,
971 3306 1070 3405 quia
1092 3305 1332 3406 conjuratione

345 3426 473 3525 integri
516 3428 635 3516 effent,
681 3428 813 3524 quique
856 3417 1096 3502 miserarentur
1128 3431 1329 3519 Neronem,

1530 765 1542 1239 l

345 3568 526 3645 tamquam
545 3572 606 3644 per
619 3545 726 3620 scelus
742 3545 974 3622 intersertum.
1016 3547 1179 3645 Plerique
1198 3555 1224 3589 “
1239 3545 1326 3619 Ves-
1381 3645 1383 3654 y

345 3667 458 3741 “tini
491 3691 632 3765 quoque
661 3665 809 3741 consulis
842 3693 919 3742 acre
953 3667 1133 3768 ingenium
1167 3666 1330 3752 vitauiffe

344 3797 374 3834 “
392 3769 575 3868 Pisonem”
617 3784 854 3881 crediderunt,
903 3798 930 3833 “
957 3815 1002 3864 ne
1041 3790 1086 3896 ad
1127 3783 1328 3864 libertatem
