3006 4866
313 407 387 488 334
495 385 537 460 C.
578 339 843 459 Conutnrr
885 383 1086 494 Tncm
1125 333 1127 340 y

177 625 179 633 ,
224 587 231 601 ¹
308 559 565 663 tisexcurfibus
582 560 834 657 popularetur:
866 580 971 659 atque
987 559 1049 635 ubi
1075 557 1152 634 satis
1177 575 1305 632 terru-

308 699 394 771 erat,
423 681 596 778 parcendo
620 680 733 754 rursus
749 679 971 788 inritamenta
988 680 1084 780 pacis
1106 679 1302 754 ostentare.

308 801 446 899 Qribus
462 804 566 874 rebus
590 803 711 875 multae
729 801 895 893 civitates,
923 829 1000 900 qua
1018 801 1055 874 in
1077 801 1178 874 illum
1195 799 1301 874 diem

305 948 350 996 ex
378 948 481 1020 aequo
507 943 666 1022 egerant,
690 923 782 1016 'datis
805 922 994 1014 obsidibus,
1018 923 1105 996 iram
1131 920 1297 1020 posusre,

176 1110 179 1118 .
274 1115 277 1126 ,
307 1047 341 1116 &
359 1042 524 1141 praefidiis
551 1041 762 1152 castellisque
782 1043 1016 1134 circumdata,
1043 1046 1139 1117 tanta
1161 1043 1297 1116 ratione

307 1165 475 1262 eurique,
502 1183 544 1236 ut
570 1164 664 1237 nulla
679 1163 759 1237 ante
775 1163 958 1238 Britanniae
985 1181 1078 1238 nova
1105 1189 1181 1263 pars
1200 1155 1295 1236 inla-

307 1285 421 1358 cesfita
436 1285 616 1358 transterit.
810 1273 814 1284 ¹
954 1370 959 1378 .

357 1407 462 1480 XXI.
487 1409 666 1493 Summus
691 1407 803 1481 hietns
819 1405 1048 1480 saluberrimis
1065 1399 1212 1480 consiliis
1226 1404 1293 1478 ab·

308 1523 471 1624 sumpta:
507 1552 660 1624 namque
687 1547 726 1600 ut
750 1527 911 1600 homines
939 1525 1078 1624 disperfi
1107 1552 1148 1599 ac
1173 1525 1292 1615 rudes,

307 1648 421 1746 eoque
446 1649 540 1721 bello
569 1645 699 1736 faciles,
729 1647 889 1745 quieti&
913 1645 987 1720 otio
1015 1673 1079 1744 per
1096 1650 1295 1745 voluptates

306 1767 564 1852 adsuescerent;
593 1766 720 1838 hortari
743 1767 920 1862 privatim,
946 1766 1111 1864 adjuvare
1128 1767 1290 1865 publice,

306 1907 345 1962 ut
375 1887 522 1983 templaJ
557 1883 645 1974 fora,
682 1885 810 1958 domus
842 1885 1069 1978 exstruerent,
1111 1889 1296 1961 laudando

304 2025 503 2106 promptos,
523 2003 770 2104 &castigando
785 2002 905 2104 segnes
922 2033 930 2076 :
959 2005 1006 2077 ita
1017 2007 1159 2080 honoris
1175 2033 1292 2082 aemu·

305 2128 390 2202 latio
419 2153 484 2226 pro
514 2128 710 2200 necessitate
725 2141 819 2200 erat.
870 2128 951 2222 Jam
978 2125 1061 2199 verb
1091 2127 1291 2226 principum

308 2248 400 2322 filios
425 2247 625 2322 liberalibus
654 2246 785 2321 artibus
810 2247 959 2338 erudire,
994 2251 1028 2322 a
1054 2248 1194 2348 ingenia
1218 2250 1290 2322 Bri-

306 2390 496 2444 tannorum
513 2369 633 2444 studiis
650 2370 833 2442 Gallorum
850 2367 1030 2460 anteferre,
1049 2389 1088 2442 ut
1104 2371 1165 2468 qui
1182 2361 1292 2444 morib

246 2575 248 2580 ,
307 2492 466 2592 linguam
483 2495 684 2564 Romanam
701 2493 912 2580 abnuebant,
939 2492 1176 2588 eloquentiam
1204 2518 1289 2566 con-

307 2611 546 2710 cupiscerent:
572 2611 656 2684 inde
683 2611 789 2684 etiam
814 2610 952 2686 habitbs
980 2611 1085 2684 nostri
1101 2614 1227 2702 honor,
1254 2617 1289 2686 δι

306 2731 469 2832 frequens
485 2752 593 2830 toga:
626 2732 879 2831 paullatimque
900 2731 1080 2807 discessum
1098 2733 1143 2807 ad
1165 2731 1286 2806 delini-

307 2874 426 2929 menta
453 2851 635 2944 vitiorum,
672 2853 838 2951 porticus,
868 2859 902 2927 δι
929 2855 1065 2944 balnea,
1103 2858 1137 2927 δι
1167 2852 1288 2927 convi-

307 2976 445 3052 viorum
467 2974 677 3073 elegantiam
694 3002 703 3046 ε
735 2975 843 3072 idque
859 2977 954 3072 apud
978 2975 1162 3073 imperitos
1178 2981 1204 3018 “
1221 2975 1286 3048 hu-

290 3104 336 3192 .“
353 3096 523 3172 manitas'’
546 3097 750 3186 vocabatur,
779 3096 861 3169 clim
879 3122 956 3202 pars
974 3094 1139 3170 servitutis
1155 3098 1247 3196 esset.

356 3217 476 3290 XXII.
493 3219 671 3290 Tannus
684 3216 947 3313 expeditionum
959 3243 1071 3290 annus
1080 3243 1185 3292 novas
1203 3241 1289 3315 gen·

307 3357 357 3409 tes
379 3337 524 3432 aperuit,
551 3337 693 3412 vastatis
710 3335 817 3434 usque
833 3339 878 3410 ad
894 3338 1012 3410 Taum
1033 3336 1207 3434 (aestuario
1223 3363 1289 3410 no-

309 3481 390 3546 rnen
408 3455 476 3550 est)
495 3457 717 3532 nationibus:
743 3460 812 3556 qul
830 3454 1019 3555 formidine
1039 3458 1146 3532 territi
1163 3449 1303 3548 bostes‚-
1373 3433 1380 3451 ⁴

309 3601 525 3677 quamquam
550 3578 789 3668 confliclatum
817 3577 917 3653 saevis
936 3579 1200 3678 'tempestatibus
1226 3604 1286 3651 ex-

309 3699 471 3787 ercitum,
500 3697 658 3772 lacessere
676 3726 747 3800 non
775 3705 869 3774 aust:
901 3699 1139 3799 ponendisque
1155 3701 1288 3798 insuper

296 3819 452 3931 ¹castellis
470 3816 617 3918 spatium
634 3819 709 3894 suit.
750 3821 981 3898 Adnotabant
993 3822 1111 3922 periti,
1135 3849 1205 3898 non
1227 3821 1289 3896 ali·
