3006 4866
430 395 908 538 'Acmcoanj
1059 422 1182 532 '323

198 583 268 698 que
284 591 380 672 utilia
395 592 546 672 honestis
568 597 720 672 miscere.
769 597 873 672 Brevi
903 589 1033 671 deinde
1048 595 1183 673 Britan·

109 743 112 755 ·
195 719 254 792 uia
277 718 492 794 consularem
514 719 680 792 Petilium
703 719 877 792 Cerialem
903 717 1050 816 accepit.
1101 721 1192 793 Ha-·

195 839 347 914 buerunt
364 841 511 916 virtutes
520 831 668 937 spatium
686 841 940 938 exemplorum.
982 840 1047 913 Sed
1067 837 1182 938 primd
1196 827 1213 917 ’,

194 961 337 1034 Cerialis
353 963 489 1035 labores
505 961 617 1034 modo
632 967 665 1035 dt
683 959 906 1046 discrimina3
936 986 1022 1036 mox
1052 963 1086 1033 ἃ
1104 963 1182 1060 glo·

195 1081 285 1154 riam
302 1082 607 1156 communicabat:
636 1083 725 1180 saepe
749 1082 839 1180 parti
862 1081 1033 1170 exercitds
1047 1083 1096 1173 ¹in
1118 1109 1180 1157 ex·

196 1201 447 1298 perimentum,
466 1203 655 1301 aliquando
667 1201 855 1300 majoribus
868 1201 979 1299 copiis
992 1227 1036 1275 ex
1052 1225 1182 1278 euentu

193 1319 372 1420 prasecit:
399 1349 463 1398 nec
487 1313 658 1423 Agricola
674 1349 847 1422 umquam
871 1323 907 1396 in
930 1322 1027 1397 suam
1050 1323 1182 1398 samam

197 1443 302 1541 gestis
319 1442 527 1531 exsultavit;
551 1447 597 1518 ad
624 1443 800 1518 austorem
830 1445 1026 1534 &ducem
1052 1465 1091 1518 ut
1116 1445 1184 1518 mi·

194 1563 310 1656 nister,
322 1564 503 1639 ,fortunam
520 1565 685 1639 rescrebat
701 1591 709 1638 ε
732 1566 780 1638 ita
796 1565 922 1639 virtute
938 1564 974 1638 in
990 1565 1183 1664 obsequen·

194 1685 258 1775 du,
293 1686 502 1762 verecundia
530 1685 566 1758 in
595 1686 834 1783 praedicaodo,
864 1707 963 1761 extra
996 1685 1182 1780 invidiam,

195 1829 261 1879 nec
278 1825 377 1880 extra
394 1807 545 1905 gloriam.
557 1826 641 1880 erat.
1064 1831 1067 1836 ·

243 1927 310 2001 IX.
337 1931 648 2001 Ravana-aurum
676 1929 722 2000 ab
747 1926 924 2024 legatione
946 1927 1095 2025 legionis
1126 1927 1181 2001 di-

82 2109 91 2116 .
192 2071 259 2119 vus
275 2045 509 2141 Vespasianus*
517 2045 607 2118 inter
621 2045 791 2142 patricios
809 2044 965 2135 adscivit,
992 2071 1033 2120 ac
1052 2035 1181 2123 deinde

194 2164 383 2264 provinciae
401 2165 601 2264 Aquitaniae
619 2161 817 2262 praeposuit‚
840 2160 1032 2261 splendidae
1049 2165 1085 2238 in
1109 2167 1181 2264 pri-

162 2369 163 2373 *
195 2287 263 2361 mis
279 2278 474 2384 dignitatis,
500 2283 792 2360 administratione
820 2309 860 2358 ac
884 2283 944 2382 spe
972 2279 1183 2376 consulatue,

149 2408 156 2429 ¹
196 2407 253 2482 eui
278 2407 471 2482 destinarat.
521 2406 681 2479 Credunt
706 2405 868 2510 plerique
896 2405 1104 2480 militaribus
1127 2405 1183 2478 in-

196 2527 308 2627 geniis
336 2527 561 2601 subtilitatem
593 2529 720 2617 deesse,
761 2527 845 2626 quia
881 2526 1057 2602 castrenfis
1079 2525 1184 2626 juris·

194 2649 302 2747 didio
325 2647 444 2723 secura
472 2653 506 2722 ὅτ
531 2650 696 2739 obtusior,
727 2671 767 2722 ac
783 2649 900 2748 'plura
922 2671 1031 2722 manu
1060 2673 1181 2746 agens,

195 2769 419 2844 calliditatem
435 2767 500 2842 sori
529 2793 601 2842 non
625 2789 794 2846 exerceat.
844 2768 1015 2869 Agricola
1037 2769 1184 2842 naturali
1254 2783 1260 2790 “

195 2890 393 2991 prudentia,
418 2890 578 2988 quamvis
605 2890 696 2964 inter
720 2910 872 2990 togatos,
903 2889 1003 2964 facile
1023 2869 1211 2988 justdque.

194 3014 332 3113 agebat.
372 3014 457 3116 Jam
472 3007 556 3086 vero
571 3031 731 3112 tempora
753 3036 915 3086 curatum
930 3009 1182 3085 remissionum·

197 3142 269 3232 que
295 3131 429 3209 divisa:
456 3133 518 3211 uhi
545 3153 737 3209 conventus
767 3157 808 3206 ac
828 3115 976 3230 judicia·
989 3127 1182 3228 poscerent,

197 3255 327 3355 gravis,
357 3255 523 3345 intentus,
552 3254 704 3347 severus,
745 3257 778 3327 δι
811 3251 936 3351 saepilts
963 3247 1180 3327 misericors:

195 3376 257 3452 ubi
283 3376 399 3451 officio
421 3375 641 3466 satissadlum
670 3375 766 3449 nulla
782 3373 874 3448 ultra
900 3371 1077 3470 potestatis
1105 3399 1182 3471 per-

194 3495 303 3571 sona:
331 3495 511 3587 tristitiam,
539 3499 572 3568 ἃ
590 3495 845 3594 adrogantiam,
867 3475 1098 3568 &avaritiam
1117 3519 1181 3568 ex·
1231 3547 1238 3580 Ι

195 3621 317 3692 uerat:
345 3641 409 3690 nec
427 3616 614 3714 illi,2quod
642 3615 691 3690 est
709 3615 930 3704 ratiffimum,
956 3632 1017 3686 aut
1039 3613 1183 3689 facilitas

194 3736 447 3828 aucloritatem,
473 3755 531 3811 aut
546 3735 704 3810 severitas
721 3759 880 3808 amorem
897 3734 1081 3810 deminuit.
1123 3739 1182 3810 ln·

196 3856 395 3957 tegritatem
411 3877 517 3959 atque
527 3855 769 3933 abstinentiam
781 3855 822 3964 *in
838 3876 935 3932 tanto
950 3855 1025 3932 viro
1041 3855 1179 3950 referte,
1249 3877 1253 3884 ’

580 3979 617 4051 Y
644 4003 665 4050 2
