3120 4860
349 385 417 475 248
573 380 1137 454 C.Conuar11TAc1rr

397 558 440 628 ll.
465 556 604 628 Iorrun
623 555 733 644 Nero,
763 580 835 628 non
861 553 1021 645 audatis,
1051 580 1122 629 non
1138 553 1241 650 ipsius
1258 537 1333 630 rie·

350 676 434 773 gorii
453 676 522 747 fide
539 673 615 748 saris
632 674 792 771 spedatal,
818 701 881 748 nec
904 675 1006 748 missu
1023 700 1082 772 per
1099 700 1185 772 quos
1202 670 1332 748 nosce-

349 815 410 884 ret,
439 820 483 866 an
512 821 593 868 vera
625 789 840 886 afferrentur,
872 814 976 892 auget
1004 795 1094 867 ultro
1122 817 1329 876 rumorem

350 913 541 1012 mittitque,
577 900 638 1012 qui
664 917 759 988 velut
790 935 922 1012 parram
946 916 1099 1011 praedam
1127 915 1325 990 aveherent,

350 1035 489 1110 Dantur
506 1035 660 1112 triremes
678 1036 713 1106 δι
738 1036 912 1108 ὀεΙεᾶυῐη
942 1035 1137 1133 navigium,
1159 1032 1325 1131 juvandae.

350 1153 582 1228 festinationi:
631 1182 694 1229 nec
727 1155 821 1234 aliud
853 1179 913 1252 per
945 1155 1020 1227 illos
1053 1154 1139 1244 dies,
1175 1154 1326 1251 populus
1361 1173 1364 1186 ¹

350 1275 563 1366 credulitate,
593 1279 780 1374 prudentes
804 1275 936 1348 divers&
962 1273 1068 1365 fama,
1098 1275 1216 1347 tulere.
1266 1277 1323 1343 Ae

349 1393 438 1468 forte
457 1397 713 1495 quinquennale
739 1397 909 1470 ludicrum
926 1395 1078 1496 secundo
1105 1394 1208 1467 lustro
1233 1393 1322 1465 cele-

350 1520 538 1590 brabatur:
569 1519 742 1590 avaribus
768 1515 1024 1616 oratoribusque
1047 1514 1220 1611 praecipua
1248 1537 1322 1584 ma-

351 1637 436 1708 teria
464 1635 498 1708 in
523 1640 660 1710 laudem
688 1636 854 1730 Principis
882 1635 1062 1730 adsumpta
1088 1635 1157 1706 est·:
1191 1635 1322 1705 “Non

313 1746 317 1762 ’
352 1763 378 1798 “
397 1755 489 1825 enim
507 1756 640 1826 tantum
658 1753 769 1830 solitas
794 1753 922 1850 fruges,
953 1779 1016 1825 nec
1035 1753 1182 1824 metallis
1200 1751 1323 1826 confu-

352 1882 378 1916 “
399 1872 470 1944 snm
489 1899 608 1945 aurum
628 1873 742 1970 gigni,
771 1871 828 1944 sed
857 1877 948 1944 noval
963 1875 1119 1946 ubertate
1138 1872 1326 1968 provenire

351 1999 378 2034 “
398 2013 539 2082 terram,
569 1993 740 2065 &obvias
755 1997 839 2088 opes
863 1991 992 2064 deferre
1008 1993 1092 2064 deos
1109 1993 1144 2066 :’'
1173 2016 1327 2089 quaeque

350 2112 416 2188 alia
429 2109 564 2186 summa
586 2110 760 2199 facundii,
778 2137 841 2184 nec
859 2111 991 2184 minore
1008 2111 1205 2184 adulatione
1220 2109 1328 2182 servi-

347 2233 393 2306 lia
407 2235 601 2330 fingebant,
619 2229 725 2304 securi
744 2233 789 2303 de
802 2230 962 2304 facilitate
975 2231 1155 2304 credentis.

398 2355 461 2426 Ill.
487 2349 716 2425 Grrscrnn'r
736 2352 872 2426 interim
890 2353 1026 2426 luxuria
1042 2351 1100 2450 spe
1117 2338 1224 2443 inani,
1242 2379 1324 2426 eon-

350 2473 640 2568 sumebanturque
673 2492 801 2546 veteres
830 2499 926 2570 opes,
956 2477 1048 2570 quast
1077 2474 1214 2563 oblatis,
1241 2500 1326 2571 quas

351 2593 478 2666 multos
498 2617 559 2688 per
581 2616 687 2664 annos
711 2593 920 2690 prodigeret.
970 2594 1068 2691 Qrin
1094 2599 1127 2676 δι
1154 2593 1233 2668 inde
1254 2593 1325 2688 jam

349 2711 572 2808 largiebatur:
588 2713 626 2784 'lle
644 2690 845 2785 divitiarum
862 2712 1085 2810 exspedlatiO,
1109 2713 1198 2809 inter
1210 2712 1324 2785 causas

351 2831 560 2928 paupertatis
585 2831 733 2928 publicae
770 2853 852 2905 erat.
914 2836 1010 2907 Nam
1044 2836 1172 2922 Baffus,
1206 2834 1326 2906 effollo

309 3009 321 3028 ,
351 2977 437 3048 agro
458 2952 532 3041 suo,
553 2949 692 3047 latisque
706 2952 838 3024 circum
853 2943 956 3042 aruis,
989 2955 1076 3026 dum
1089 2954 1197 3042 hunc,
1211 2955 1266 3026 vel
1283 2951 1325 3024 il-

350 3073 425 3143 lum
454 3074 571 3144 locum
601 3071 749 3168 promiffi
775 3071 894 3169 speetls
915 3071 1100 3162 adseverat,
1119 3070 1325 3171 sequuntur-

350 3219 419 3290 que
436 3219 507 3264 non
521 3193 626 3263 modo
639 3191 777 3282 milites,
790 3191 847 3265 sed
861 3194 1009 3290 populus
1026 3193 1210 3291 agrestium
1222 3192 1326 3265 effici·

250 3293 254 3302 ¹
350 3313 453 3383 endo,
470 3311 567 3407 operi
596 3309 807 3409 adsumptus,
833 3305 987 3386 'tandem
1016 3317 1121 3410 posita
1150 3314 1323 3402 vecordia,

301 3517 302 3524 ἵ
351 3439 378 3473 “
398 3458 469 3502 non
485 3429 566 3504 falsa
583 3430 661 3502 ante
684 3431 816 3509 somnia
836 3432 908 3523 sua,
938 3433 1040 3531 seque
1064 3453 1147 3506 tunc
1172 3433 1324 3529 primitur

353 3559 380 3594 “
398 3549 554 3628 elusum''
573 3552 757 3642 admirans,
788 3555 958 3649 pudorem
988 3559 1021 3627 δι
1050 3541 1182 3626 metum
1211 3571 1324 3624 morte

350 3671 542 3746 voluntaria
560 3673 691 3770 effugit.
741 3674 898 3771 Qridam
928 3683 955 3719 “
974 3675 1143 3764 vinetum,
1171 3697 1210 3754 ac
1233 3695 1322 3757 mort
