3126 4864
459 377 758 448 Aunnslusr
789 372 1027 448 Lrs.Xlll.
1197 395 1261 473 117

187 579 189 583 ’
291 549 457 624 tlrandat'
491 551 589 624 Tum
608 551 858 650 circumspectis
875 550 1113 643 munimentis
1133 553 1166 623 δι
1184 576 1263 648 quae

288 670 538 770 expugnationi
573 667 712 762 idonea,
750 673 905 770 provisis,
937 674 1093 745 hortatur
1120 672 1259 761 milites,

182 855 186 862 .
289 796 319 831 “
337 811 375 862 ut
391 791 526 864 hostem
543 818 690 890 vagum,
710 819 823 890 neque
846 793 921 890 paci
939 815 995 866 aut
1023 793 1148 888 proelio
1166 817 1263 888 para·
1347 825 1374 898 ·¹

288 915 316 951 “
342 929 435 1001 tum,
461 909 519 984 sed
537 913 721 1008 perfidiam
740 920 772 986 δι
790 913 968 1009 ignaviam
985 913 1068 1011 fuga
1092 914 1263 986 confiten-
1365 982 1367 988 ,

289 1037 318 1075 ¹‘
338 1053 422 1121 tem,
462 1053 628 1106 exuerent
661 1032 811 1122 sedibus,
844 1033 1035 1131 gloriaque
1071 1033 1197 1130 pariter
1231 1037 1265 1104 &

289 1159 318 1194 “
337 1154 461 1248 praedae
481 1151 732 1226 consulerent.''
754 1245 758 1252 1
781 1156 879 1226 Turn
896 1153 1144 1250 quadripartito
1157 1179 1264 1226 exer-

193 1339 196 1344 ,
288 1272 374 1362 citu,
403 1274 467 1344 hos
501 1273 536 1344 in
564 1272 770 1346 testudinem
797 1275 1037 1371 conglobatos,
1068 1255 1265 1347 subruendo

289 1393 385 1464 vallo
412 1391 544 1465 inducit
559 1421 569 1478 ;
597 1392 681 1466 alios
712 1391 818 1466 scalas
851 1392 1029 1466 moe'nibus
1063 1393 1263 1482 admovere,

288 1513 418 1584 multos
446 1513 625 1586 tormentis
655 1509 801 1586 faces&
830 1513 939 1586 hastas
972 1513 1126 1584 incutere
1151 1511 1265 1610 jubet.

285 1631 527 1704 Libratoribus
581 1631 881 1731 funditoribusque
921 1633 1105 1706 attributus
1153 1633 1264 1724 locus,

284 1753 380 1824 unde
408 1752 542 1838 eminus
573 1754 715 1850 glandes
749 1773 976 1852 torquerent3
1012 1778 1056 1826 ne
1088 1780 1157 1851 qua
1183 1765 1265 1850 'pars

284 1871 470 1946 subsidium
488 1873 722 1946 laborantibus
747 1871 864 1963 ferret,
884 1875 954 1970 pari
972 1874 1129 1971 undique
1152 1895 1264 1948 motu.
1311 1956 1313 1962 ,

284 1992 420 2064 Tantus
437 1993 518 2066 inde
536 1994 635 2065 ardor
657 1993 818 2065 certantis
836 1991 1006 2062 exercitlls
1022 1991 1100 2079 fuit,
1119 2015 1158 2065 ut
1175 1996 1264 2068 intra

282 2111 422 2185 tertiam*
430 2112 501 2185 diei
518 2129 666 2206 partem,
685 2110 807 2180 nudati
825 2109 1140 2204 propugnatoribus
1156 2115 1263 2204 muri,

283 2233 402 2306 obices
440 2252 620 2328 portarurn
649 2227 813 2317 subverfi,
848 2246 951 2325 capta
980 2226 1115 2300 escensu
1148 2233 1264 2304 muni-

228 2385 231 2392 *
285 2370 417 2439 menta,
452 2347 641 2446 omnesque
675 2350 822 2445 puberes
851 2346 1013 2421 trucidati
1052 2351 1129 2438 sint,
1167 2353 1265 2424 nullo
1315 2351 1316 2354 ’

171 2517 176 2530 x
284 2469 395 2543 milite
411 2469 545 2559 amislb,
564 2469 682 2566 paucis
698 2470 891 2542 admodum
906 2467 1093 2541 vulneratis
1110 2496 1118 2540 :
1145 2473 1179 2542 ἃ
1196 2470 1263 2544 inr-

281 2591 376 2664 belle
404 2591 531 2688 vulgus
559 2589 622 2664 sub
650 2591 778 2663 corona
804 2615 935 2663 venum
962 2591 1105 2662 datum:
1131 2589 1264 2689 reliqua

164 2727 168 2734 ·
282 2711 400 2809 praeda
425 2710 615 2784 vistoribus
637 2713 740 2784 ceffit.
790 2710 870 2783 Pari
899 2709 1038 2783 fortund
1065 2697 1200 2808 legatus
1222 2738 1263 2786 ac

283 2830 465 2927 praefestus
487 2834 536 2904 ufi
552 2829 644 2922 sunt,
667 2828 846 2928 tribusque
873 2833 941 2903 uns
966 2829 1023 2902 die
1039 2831 1183 2905 castellis
1200 2822 1264 2906 err-⁴

283 2951 461 3048 pugnatis,
489 2971 599 3026 cetera
615 2972 756 3041 terrore,
782 2951 895 3024 &alia
916 2949 1039 3046 sponte
1054 2950 1260 3044 incolarum,

280 3071 318 3143 in
335 3071 556 3174 deditionem·
567 3073 775 3147 veniebant:
803 3073 897 3143 unde
915 3090 991 3142 orta
1011 3073 1139 3146 fiducia
1155 3095 1260 3170 caput

283 3190 397 3290 gentis
414 3191 846 3292 Artaxatapadgrediendi.
897 3192 976 3263 Nec
1002 3209 1119 3264 tamen
1144 3195 1261 3290 proxi-

281 3337 342 3384 mo
359 3310 478 3384 itinere
492 3314 607 3386 dudae
627 3313 794 3411 legiones,
809 3338 887 3409 quae
902 3315 1084 3386 srarnnem
1102 3318 1259 3416 Araxen,

282 3431 343 3530 qui
367 3433 499 3508 moenia
515 3433 640 3524 adluit,
665 3452 771 3529 ponte
789 3431 1112 3530 transgrederentur,
1133 3431 1195 3508 sub
1211 3435 1259 3508 ic·

282 3565 373 3626 tum‘
388 3555 579 3629 dabantur:
613 3554 750 3652 procul,
774 3557 814 3626 .&
840 3553 1015 3628 latioribus
1044 3555 1143 3630 vadis
1169 3575 1259 3629 tran·

283 3675 375 3748 filare.

732 3793 765 3884 «Ι
793 3783 844 3887 as
