3076 4868
297 361 346 428 24
462 305 489 460 Γ
531 315 1103 410 C.Connnrt1TAc1r1

297 505 851 610 Necultraexspeclato,fqui1m
878 513 967 588 dum
991 509 1146 587 sacrificii
1171 511 1281 610 gratia
1307 502 1324 510 ”

296 629 462 704 Claudius
480 631 615 704 Ostiam
633 633 927 730 proficisceretur,
938 637 1063 710 cundia
1079 632 1279 731 nuptiarum

295 750 475 826 sollemnia
492 754 653 830 celebrat:
1160 763 1169 770 “
1339 821 1343 824 .
1374 845 1377 850 ,

345 877 501 950 XXVII.
526 878 654 949 Haun
681 876 756 950 sum
782 876 921 976 ignarus
941 857 1144 952 fabulosum
1167 874 1280 950 visum

293 993 348 1084 iri,
381 1014 520 1098 tantum¹
542 997 620 1072 ullis
643 998 853 1090 ¹mortalipm
883 997 1070 1088 securitatis
1102 996 1214 1090 suiffe,
1241 996 1279 1070 in

294 1115 433 1190 civitate
456 1117 616 1192 omnium
643 1123 748 1218 gnara
775 1119 920 1196 &nihil
945 1117 1280 1208 reticente,·nedum
1368 1183 1376 1199 Ι

263 1244 267 1250 ’
294 1235 469 1312 consulem
492 1235 723 1338 defignatum,
747 1266 830 1316 cum
849 1217 1166 1337 uxotePrincipis,
1192 1263 1278 1334 prae-.

286 1356 385 1456 ,dicta
409 1359 480 1449 die,
510 1341 687 1452 adhibitis,
715 1361 777 1458 qui
800 1363 1037 1458 obfignarent,¹
1059 1355 1277 1434 velut'susci-

293 1478 503 1576 piendorum
536 1481 729 1552 liberorum
765 1482 880 1569 causi,
914 1477 1135 1583 convenisse:
1171 1497 1280 1574 atque

291 1597 388 1670 illam
411 1598 549 1684 audisse*
564 1598 746 1696 auspicum
772 1601 894 1689 verba,
920 1598 1058 1688 subisse,
1082 1595 1279 1672 sacrificasse
1374 1697 1376 1702 Ι

292 1719 388 1814 apud
422 1719 521 1809 deos,
556 1717 766 1794 discubitum
801 1719 892 1797 inter
926 1718 1107 1808 convivas,
1148 1715 1304 1824 oscula,

292 1841 512 1934 complexus,
542 1843 680 1914 rochem
705 1840 859 1939 denique
887 1843 1000 1916 abbam
1022 1839 1159 1920 licentis
1193 1839 1278 1912 con-

286 1959 412 2057 jugali.
463 1962 529 2034 Sed
548 1961 633 2034 nihil
651 1965 882 2060 compositum
899 1961 1059 2036 miraculi
1076 1962 1192 2052 caussa,
1218 1972 1279 2036 vc-

209 2113 214 2120 ·
289 2081 368 2164 riam
386 2082 503 2156 audita
518 2081 713 2182 scriptaque
731 2083 920 2158 senioribus
937 2085 1083 2158 tradam.
1164 2094 1169 2100 “
1233 2161 1237 2167 ,

340 2171 512 2302 XXVsll.
539 2208 681 2279 lorrun
699 2205 828 2278 domus
849 2203 1021 2302 Principis
1039 2203 1252 2276 inhorruerat
1263 2231 1275 2288 3

290 2314 536 2424 inaximeque,
561 2351 649 2422 quos
672 2347 778 2421 penes
799 2325 965 2420 potentia,
997 2330 1030 2398 ἃ
1050 2329 1142 2398 sr're's
1163 2343 1276 2398 verte-

217 2504 221 2513 ,
290 2465 382 2534 rent,
412 2433 580 2530 sormid0,
615 2468 686 2514 non
713 2441 790 2544 jam
819 2443 954 2520 secretis
984 2444 1183 2543 colloquiis,
1217 2444 1276 2518 sed

289 2563 405 2664 aperte
422 2559 578 2634 fremere.
631 2563 772 2634 “Dum
797 2560 916 2634 histrio
945 2563 1150 2640 cubiculum
1173 2565 1273 2642 Prin·
1371 2653 1373 2656 Ι

290 2682 424 2778 “cipis
452 2680 701 2778 persultaverit,
735 2681 888 2756 dedecus
926 2681 1070 2781 quidem
1084 2667 1274 2772 ¹inlatum

275 2813 317 2887 ’ἐς
336 2803 395 2876 sed
422 2801 602 2882 excidium
629 2805 763 2902 procul.
787 2801 950 2878 abfuisset
978 2829 1074 2878 nunc
1100 2801 1272 2902 juvenem

225 2941 226 2944 ’
288 2933 316 2976 “
334 2923 504 3014 nobilem,
535 2925 706 3024 dignitate
735 2924 871 3016 formae,
895 2925 931 3002 vi
959 2924 1101 3017 mentia,
1127 2951 1169 3002 ac
1195 2953 1276 3023 pro·

260 3042 473 3143 '‘f'pinquo
502 3045 694 3137 consulatu,
724 3046 891 3146 majorem
914 3049 961 3122 ad
988 3045 1086 3146 spem
1112 3047 1273 3146 accingia

208 3159 210 3168 '
289 3175 316 3226 l‘
336 3193 401 3241 nec
434 3166 528 3240 enim
556 3169 747 3256 occultum,
774 3169 862 3266 quid
892 3169 968 3266 post
999 3171 1069 3244 tale
1093 3169 1274 3247 matrimo·
1371 3153 1378 3159 ’

272 3297 317 3382 “f
336 3289 435 3396 nium
463 3290 684 3388 superesset.”
733 3289 879 3370 Subibat
904 3292 973 3366 stne
1000 3289 1110 3364 dubio
1142 3305 1272 3376 metus,

257 3430 482 3510 ‘reputantes
527 3417 554 3469 ί(
580 3411 743 3499 hebetem
772 3409 975 3501 Claudium,
1012 3415 1045 3484 &
1079 3406 1183 3480 uxori
1210 3407 1272 3479 de-

286 3541 315 3581 “
336 3533 511 3622 vinctum,
550 3529 744 3628 multasque
785 3550 914 3605 mortes
948 3529 1041 3628 jussu
1077 3527 1272 3618 Messalina

285 3661 314 3696 “
333 3656 514 3751 patratas.”
581 3650 713 3738 Rursus
756 3649 827 3748 ipsa
869 3651 1015 3726 facilitas·
1050 3637 1272 3745 Imperatoria

230 3835 233 3854 ,
284 3772 450 3866 fiduciam
478 3773 597 3866 dabat,
634 3780 661 3816 “
688 3775 711 3858 st
739 3772 920 3860 atrocitate
947 3767 1101 3858 criminis
1135 3794 1270 3869 pravas
