3126 4864
337 385 403 462 132
525 363 566 434 C.=
607 360 883 471 Conusrrr
913 357 1112 438 Tnerrr

332 537 521 612 fistentibus
553 537 619 628 his,
648 536 720 634 pari
749 555 845 611 metu
880 536 1033 610 exterriti
1059 533 1232 624 Bruelerh
1265 539 1300 610 sc

287 681 290 688 ·
330 656 448 731 ceteris
471 682 613 754 quoque
640 657 751 730 aliena
784 657 937 755 pericula
962 655 1208 747 deserentibus,-
1232 657 1304 731 sola

330 776 591 854 Ansrbariorum
610 763 694 876 gens
722 797 819 850 retro
832 779 877 850 ad
904 777 1047 876 Ufipios
1071 779 1302 852 &Tubantes
1359 832 1363 844 ,

329 899 511 991 concessit:
549 925 702 995 quorum
740 897 836 970 terris
879 897 1005 988 exacti,
1043 898 1125 982 cirm
1167 899 1301 988 Cattos,

328 1015 410 1090 dein
428 1017 619 1092 Cheruscos
649 1015 820 1116 petiffent,
848 1044 961 1092 errore
984 1020 1108 1117 longo,
1139 1017 1300 1116 hospites,
1323 1089 1326 1098 ,
1386 1087 1391 1102 ,

328 1137 443 1236 egeni,
474 1138 601 1228 hostes,
638 1139 674 1212 in
706 1139 833 1229 alien0,
866 1139 963 1238 quod
993 1137 1185 1237 juventutis
1213 1159 1299 1229 erat,

327 1245 521 1332 caeduntur.
571 1259 726 1333 Imbellis
742 1280 821 1333 aetas
840 1259 875 1334 in
894 1262 1049 1357 praedam
1075 1257 1183 1338 divisa
1203 1259 1261 1331 est.

357 1427 363 1456 ,
378 1381 494 1453 LVII.
526 1382 674 1454 Eanum
693 1379 822 1470 aestate,
836 1380 923 1452 inter
938 1381 1209 1454 Hermunduros
1221 1381 1302 1466 Catf
1410 1466 1419 1476 .

328 1499 450 1598 tosque
484 1520 650 1573 certatum
683 1525 814 1596 magno
849 1499 988 1594 proelio,
1023 1500 1110 1572 dum
1153 1504 1302 1590 flumen,

328 1621 507 1718 gignendo
547 1617 614 1692 sale
648 1615 852 1708 fecundum,
892 1623 926 1690 ὅτ
960 1617 1250 1720 conterminum„
1266 1619 1303 1692 vi

327 1741 490 1823 trahunt3
532 1734 631 1833 super
659 1736 841 1810 libidinem
870 1738 995 1811 cuncta
1021 1737 1126 1810 armis
1158 1740 1302 1836 agendi,

325 1857 492 1956 religione
522 1857 632 1946 insita,
661 1864 687 1899 “
710 1882 767 1930 eos
785 1857 938 1930 maxime
956 1858 1050 1932 locos
1068 1857 1302 1955 propinquare

328 1987 356 2022 “
374 1982 474 2070 caelo,
505 1977 690 2076 precesque
720 1979 918 2052 mortalium
961 2005 981 2052 a
1023 1980 1095 2052 deis
1131 1977 1301 2078 nusquam

326 2108 357 2166 .“
378 2101 523 2198 propius
550 2100 671 2174 audiri.
732 2101 819 2174 lnde
863 2099 1079 2198 indulgentia
1101 2099 1300 2189 numinum,

328 2221 435 2294 “illo
463 2221 501 2294 in
530 2247 646 2310 amne,
678 2219 811 2318 illisque
841 2220 944 2310 filvis,
978 2220 1083 2294 salem
1107 2220 1301 2318 provenire,

330 2350 359 2388 “
378 2370 463 2434 non,
498 2361 537 2414 ut
561 2341 640 2414 alias
662 2341 756 2434 apud
782 2361 915 2437 gentes,
941 2341 1055 2416 eluvie
1084 2341 1184 2414 maris
1216 2328 1321 2415 ares-=

330 2473 358 2508 “
379 2483 490 2550 cente,
504 2460 560 2532 sed
577 2459 671 2529 undd
688 2457 786 2553 super
797 2461 976 2531 ardentem
993 2463 1156 2534 arborum
1175 2462 1302 2535 struem

330 2592 357 2626 “
375 2583 461 2671 fusb,
486 2603 530 2652 ex
557 2575 732 2650 contrariis
753 2576 841 2648 inter
872 2576 905 2650 se
933 2579 1124 2668 elementis,
1148 2580 1230 2677 igne
1251 2600 1302 2653 at-

330 2711 357 2746 “
377 2728 445 2798 que
469 2697 567 2796 aquis
584 2698 822 2772 concretum.’'
870 2697 937 2770 Sed
962 2699 1093 2772 bellum
1118 2702 1301 2789 Hermun-

327 2822 424 2895 duris
441 2817 655 2917 prosperum‚
674 2816 783 2890 Cattis
800 2815 972 2890 exitiosius
989 2816 1065 2908 fuit,
1081 2818 1165 2916 quia
1189 2827 1217 2862 ‘⁴
1228 2820 1302 2894 vic·
1414 2880 1419 2890 .

236 3009 250 3024 ,,
329 2949 466 3014 “tores
489 2937 658 3012 diversam
684 2936 794 3011 aciem
821 2936 932 3010 Marti
955 2964 995 3011 ac
1019 2939 1224 3013 Mercurio”
1251 2939 1301 3016 sa·

327 3063 482 3148 oravere,
504 3085 575 3156 quo
601 3077 686 3130 voto
715 3057 810 3155 equi,
841 3058 920 3147 viri,
940 3061 1064 3132 cuneta
1092 3060 1184 3134 vida
1208 3062 1299 3136 occi-

326 3179 425 3254 dioni
441 3181 577 3253 dantur.
630 3181 677 3250 Et
699 3178 801 3250 minae
824 3177 967 3275 quidem
991 3181 1128 3254 hostiles
1153 3180 1188 3264 in
1211 3181 1301 3279 ipsos
1346 3270 1352 3278 ·

327 3304 518 3374 vertebant.
568 3299 635 3370 Sed
673 3297 792 3370 civitas
833 3299 1030 3392 Julronum,
1067 3299 1156 3375 socia
1184 3302 1299 3392 nobis,

264 3467 268 3476 ·
326 3424 422 3496 malo
450 3417 637 3515 improviso
666 3417 803 3490 adflicta
831 3420 892 3491 esta
956 3422 1052 3493 Nam
1074 3421 1170 3518 ignes
1211 3426 1300 3495 terrd

207 3541 209 3547 ’
324 3542 426 3631 editi,
460 3535 576 3628 billas,
617 3564 712 3628 arva,
760 3538 869 3627 vicos,
904 3543 1022 3636 paffim
1055 3540 1298 3636 corripiebant,

324 3651 592 3758 ferebanturque
615 3657 651 3731 in
672 3657 743 3756 ipsa
766 3659 915 3732 conditae
929 3687 1036 3758 nuper
1049 3659 1192 3734 coloniae
1209 3687 1299 3734 moe-

324 3783 386 3860 nia
403 3811 433 3856 2.
455 3807 574 3880 neque
598 3779 769 3878 exstingui
803 3801 958 3877 poterant
970 3809 980 3868 ;
1020 3791 1093 3854 non
1108 3771 1143 3855 ¹sr
1170 3780 1299 3856 imbres
