3076 4868
349 370 398 442 60
564 338 1151 446 cenomanum?

344 543 456 615 Caesar
487 540 626 614 veniam
654 542 797 640 ipsique,
833 546 868 614 &
895 542 1048 643 conjugi,
1079 547 1112 615 δι
1141 543 1318 635 fratribus>

341 660 473 734 tribuit.
523 667 641 758 Atque
664 661 729 752 illi,
756 662 882 736 vinclis
902 661 1062 754 exsoluti,
1081 666 1318 763 Agrippinam

340 805 484 878 quoque
517 783 611 854 haud
639 785 761 880 procul
789 784 858 874 alio
889 783 1052 882 suggestu
1081 784 1315 881 conspicuam,

339 899 475 991 iisdem,
506 903 633 998 quibus
660 903 874 1001 Principem,
905 904 1065 977 laudibus
1096 904 1318 1003 gratibusque

339 1023 489 1096 venerati
510 1021 598 1096 sunt.
648 1027 797 1097 Novum
813 1022 905 1114 sanE,
935 1029 968 1097 δι
987 1024 1142 1099 moribus
1158 1045 1315 1098 veterum

338 1141 529 1234 insolitum,
571 1141 738 1216 feminam
780 1144 883 1244 signis
918 1145 1087 1220 Romanis
1124 1146 1314 1243 praefidere.

338 1261 415 1359 Ipsa
437 1261 544 1337 semet
561 1264 649 1362 pani
677 1292 697 1338 a
722 1263 908 1364 majoribus
936 1264 1003 1340 suis
1026 1261 1164 1363 imperii
1186 1264 1314 1338 sociam

337 1383 477 1458 ferebat.
1102 1373 1106 1386 ¹

384 1507 593 1580 XXXVIII.
618 1509 774 1578 Voenm
807 1504 950 1600 posthac
980 1508 1109 1601 patres,
1138 1509 1249 1578 multa
1279 1511 1314 1578 St

335 1625 525 1722 magnifica
547 1622 647 1719 super
673 1623 871 1720 captivitate
897 1624 1074 1698 carauaci
1101 1622 1311 1698 disserueret

336 1741 512 1838 “Neque
534 1742 648 1815 minus
665 1741 702 1815 id
719 1745 866 1834 clarum,
895 1744 1002 1841 quum
1024 1744 1106 1816 cum
1129 1743 1313 1840 Sipbacem

335 1872 365 1906 ‘⁶
382 1865 424 1937 P.
436 1863 564 1961 Scipio,
583 1863 708 1936 Persen
724 1866 770 1936 L.
786 1865 940 1953 Paullus,
965 1867 999 1937 lle
1017 1867 1041 1935 fi
1059 1863 1120 1962 qui
1137 1863 1195 1936 alii
1214 1863 1311 1937 vinc-

334 1991 433 2057 “tos
457 2010 556 2082 reges
585 1987 716 2082 populo
745 1989 909 2058 Romano
938 1983 1155 2058 ostendere?
1174 2039 1192 2065 Δ,
1216 1985 1311 2058 Cen·
1363 2078 1365 2082 .

333 2103 448 2178 sentur
477 2113 509 2148 ‘⁴‘
520 2105 662 2180 Ostorio
676 2105 1056 2204 'triumphi‘infigniass'
1081 2103 1310 2203 prosperis'ad
1358 2184 1360 2192 ,

333 2226 380 2300 id·
395 2229 498 2302 rebus
514 2225 600 2326 ejus,
628 2253 712 2300 mox
729 2226 902 2324 ambiguis
918 2255 939 2298 ε.
957 2225 1167 2324 live,'qubd,
1190 2241 1310 2300 amoto
1363 2294 1367 2306 .

333 2348 532 2438 Caradtaco,
559 2351 652 2441 quafi
681 2347 903 2441 debellatum¹
919 2344 1023 2436 foret,
1042 2347 1157 2420 minus
1179 2345 1310 2420 intenta

331 2468 427 2564 ¹apud
441 2491 503 2536 nos
515 2461 649 2560 'militia
661 2461 746 2545 fuit;
765 2467 833 2534 five
846 2464 973 2552 hostes,
992 2467 1209 2542 miseratione
1225 2467 1311 2540 tanti

332 2584 437 2682 regis,
467 2579 577 2654 acrius
604 2581 649 2652 ad
678 2579 852 2653 ultionem
873 2585 1038 2656 exarssre.
1080 2586 1308 2660 ·Praese6tunt

330 2705 535 2790 castrorum,
547 2705 581 2774 u
600 2700 802 2800 legionarias
820 2703 977 2774 cohortes
989 2703 1200 2778 exstruendis
1213 2706 1309 2802 apud

204 2842 208 2852 '
237 2842 238 2847 ’
329 2823 467 2898 Siluras·
484 2822 644 2920 praesidiis
669 2823 816 2912 relictas,
840 2821 1140 2898 circumfundunt.
1192 2825 1308 2898 Aeni

326 2943 398 3018 'citb
426 2942 512 3016 vicis
540 2948 574 3016 δι
601 2941 747 3016 castellis
771 2942 940 3040 proximis
968 2942 1178 3018 subventum
1200 2945 1300 3035 soret,

328 3041 529 3160 copiatum
549 3063 733 3137 occidione
755 3065 1003 3144 occubuissent.
1054 3064 1239 3140 Praefedlus
1255 3086 1306 3139 ta·¹

327 3209 409 3257 men
425 3190 458 3258 dc
476 3185 557 3256 ouo
570 3183 799 3274 centuriones,
817 3212 857 3259 ac
874 3167 1305 3285 promptiffimuslquisque

325 3303 523 3401 manipulus
535 3303 705 3376 cecidbre:
719 3329 783 3402 nec
796 3306 909 3378 multb
921 3307 997 3403 pust
1009 3310 1211 3404 pabulantes
1224 3305 1305 3378 nos-³

328 3445 411 3514 tros,
435 3421 615 3520 missasque
629 3425 674 3496 ad
690 3423 878 3498 subsidium
894 3446 1024 3513 turmas
1042 3425 1242 3524 profligant.

376 3544 554 3620 XXXIX.
595 3547 691 3616 Tum
726 3545 882 3625 Ostorius
924 3549 1081 3619 cohortes
1122 3544 1303 3640 expeditas

329 3663 485 3762 exposuit
502 3681 527 3738 :¹
547 3673 612 3740 ne'c
638 3665 717 3740 ideo
742 3663 865 3767 sugam
899 3655 1045 3756 sistebat,
1078 3663 1115 3738 ni
1150 3664 1302 3764 legiones
