3006 4866
357 404 430 482 324
572 377 614 453 C.
644 377 1123 456 ConnecttTActrr

354 555 485 655 injuria
495 555 799 638 virtutum'fuerit.
848 558 909 632 Ne
936 555 1068 630 famam
1092 552 1269 653 quidem,
1298 547 1363 628 cui

353 678 457 752 etiam
474 675 561 775 saepe
578 678 663 751 boni
680 678 880 777 indulgent,
899 677 1099 750 ostentanda
1116 675 1274 767 virtute,
1295 691 1362 746 aut

352 823 415 896 pet
430 818 542 872 artem
559 799 736 896 quaestvit:
765 801 889 896 procul
911 800 957 872 ab
974 796 1196 872 aemulatione
1215 779 1359 868 ‘adver-

351 917 408 992 sds
421 920 586 1018 collegas,
611 921 735 1018 procul
752 919 1007 992 acontentione
1023 917 1190 992 adversus
1212 941 1359 1013 procu-

351 1059 502 1114 ratores:
530 1045 564 1114 &
589 1039 730 1114 vincere
748 1039 951 1138 inglorium,
976 1043 1010 1112 δι
1036 1037 1135 1112 atteri
1157 1035 1357 1110 sordidum

350 1159 591 1234 arbitrabatur.
641 1161 763 1236 Minus
774 1159 962 1240 triennium
980 1159 1016 1232 in
1034 1161 1073 1234 ed
1085 1157 1270 1256 legatione
1288 1156 1355 1230 de-

350 1297 482 1376 tentus,
501 1307 542 1356 ac
559 1280 674 1354 statim
691 1281 736 1358 ad
752 1281 851 1378 spem
868 1279 1062 1354 consulatus
1079 1298 1272 1352 revocatus
1286 1275 1355 1364 est,

349 1401 540 1476 comitante
556 1403 721 1500 opinione
733 1401 945 1476 Britanniam
962 1401 992 1475 ei
1010 1388 1232 1498 provinciam
1248 1400 1352 1472 dari:

352 1523 460 1596 nullis,
481 1523 517 1596 in
542 1526 610 1596 hoc
634 1521 699 1596 suis
722 1520 948 1610 sermonibus,
973 1521 1031 1593 sed
1048 1522 1131 1621 quia
1152 1545 1215 1618 par
1244 1519 1352 1592 vide·
1455 1553 1456 1560 1

351 1647 463 1718 batur.
530 1643 643 1716 Haud
675 1640 810 1736 semper
834 1661 922 1714 errat
944 1639 1051 1730 sama,
1080 1641 1288 1737 aliquando
1318 1641 1352 1710 δι

349 1763 465 1858 elegit.
516 1760 645 1832 Consul
659 1758 809 1854 egregiae
823 1778 899 1831 tum
917 1757 987 1854 spei
1005 1759 1116 1832 filiam
1127 1758 1263 1856 juveni
1281 1757 1351 1831 mi-

345 1880 383 1953 hi
399 1877 595 1976 despondit,
613 1901 654 1950 ac
670 1875 978 1974 postconsulatum
996 1878 1205 1969 conlocavit,
1220 1885 1264 1952 ἃ
1286 1873 1371 1952 sta··'

240 2090 247 2116 Ι
347 2000 414 2072 tim
437 1995 623 2072 Britanniae
646 2000 842 2094 praepositus
860 1997 923 2088 est,
953 1995 1085 2095 adjesto
1110 1997 1349 2103 pontificattlt
1455 2009 1456 2026 ¹

348 2119 554 2196 sacerdotio.

397 2244 444 2315 X.
470 2244 716 2314 Brit-numm
729 2242 828 2313 situm
847 2237 1077 2338 populosque,
1093 2239 1212 2314 multis
1231 2241 1347 2338 scrip·'

348 2363 483 2438 toribus
505 2345 727 2452 memoratos,
753 2361 886 2434 nonin
913 2359 1214 2458 comparationem
1243 2387 1339 2458 curae

346 2483 524 2582 ingeniive
541 2481 710 2568 referam;
735 2481 793 2555 sed
819 2481 902 2580 quia
927 2502 1004 2555 tum
1029 2481 1189 2578 primum*
1207 2484 1337 2580 perdo·
1453 2513 1454 2516 ¹

348 2604 435 2678 mita
451 2603 521 2676 est:
553 2601 671 2700 itaque
697 2629 776 2700 quae
803 2602 933 2700 priores
962 2603 1124 2678 nondum
1147 2622 1343 2700 comperta,

348 2724 548 2824 eloquentia
566 2724 782 2820 percoluere,
802 2749 918 2798 rerum
935 2725 1006 2796 fide
1023 2725 1212 2798 tradentur.
1261 2722 1335 2796 Bri-

347 2846 479 2937 tannia,
496 2844 698 2936 insularum,
716 2871 801 2942 quas
818 2848 984 2918 Romana
993 2844 1116 2920 notitia
1131 2840 1333 2942 complesti

349 2988 421 3058 tur,
437 2965 614 3058 maxima,
640 2963 747 3063 spatio
765 2992 809 3058 ac·
831 2966 917 3038 caelo
935 2965 971 3038 in
988 2965 1168 3038 Orientem
1186 2968 1331 3038 Germa·

347 3088 428 3180 niae,
448 3087 484 3160 in
498 3087 727 3162 Occidentem
740 3085 919 3185 Hispaniae
932 3085 1152 3160 obtenditur:
1173 3084 1285 3158 Gallis
1298 3082 1331 3154 in

349 3208 541 3283 Meridiem
558 3202 663 3282 etiam
688 3205 892 3304 inspicitur:
921 3207 1222 3304 Septemtrionalia
1243 3204 1324 3304 ejus,

348 3327 455 3400 nullis
471 3329 591 3400 contra
613 3327 724 3419 terris,
753 3328 851 3400 vasto
874 3344 987 3428 atque'
995 3346 1115 3424 aperto
1137 3327 1227 3436 inari
1255 3325 1326 3424 pul-

348 3448 473 3522 santur.
522 3449 692 3524 Formam
709 3448 814 3521 totius
825 3445 1008 3534 britanniae
1020 3445 1145 3520 Livius
1156 3465 1329 3549 veterum,

277 3671 281 3679 Δ
348 3567 478 3664 Fabius
503 3550 668 3644 Rusticus
696 3568 904 3658 recentium,
929 3567 1192 3666 eloquentissimi
1217 3545 1327 3670 antip]-

348 3688 596 3786 res,0blongae
613 3687 752 3762 scutulae
770 3691 827 3762 vel
844 3688 989 3786 bipenni
1006 3687 1251 3794 adsimulavdre
1264 3686 1324 3763 a&

350 3811 399 3886 est
414 3835 453 3886 ea
470 3806 574 3884 facies
595 3808 680 3884 citra
696 3808 938 3903 Caledoniam,
964 3809 1057 3917 unde
1082 3795 1116 3884 bi
1135 3807 1173 3882 in
1193 3795 1329 3882 univei*
