3120 4860
319 407 388 460 202
511 377 1102 454 emanaturum-1

315 565 344 602 “
361 557 459 647 olim,
499 555 657 630 medium
691 555 854 630 faceret.'’
903 557 981 646 Ille,
1008 561 1053 614 -“
1080 549 1296 628 Armeniam

315 685 344 724 “
360 702 504 773 quoque
531 677 669 750 diversio
702 676 863 774 praesrdiis
890 702 1038 750 vacuam
1077 675 1175 748 fieri''
1228 699 1294 748 ex·

311 795 521 894 postulabat.
574 801 621 871 Et
649 797 825 896 postremo
859 800 1020 872 concessit
1047 822 1131 869 rex:
1159 794 1292 867 diruta-

308 943 391 1016 que,
407 945 486 1016 quae
506 921 595 994 ultra
614 921 817 1017 Euphraten
841 919 1094 992 communierat
1111 918 1290 1003 Corbulo;

309 1043 343 1112 δι
369 1039 529 1112 Armenii
555 1044 625 1114 fine
648 1041 779 1114 arbitro
805 1040 912 1114 relicti
937 1037 1026 1113 sunt.

355 1159 492 1234 XVIII.
519 1167 580 1258 Ar
598 1165 734 1238 Romrn
755 1181 886 1260 tropaea
902 1163 947 1234 de
963 1160 1111 1250 Parthis,
1129 1157 1293 1256 arcusque

306 1281 428 1356 medio
454 1283 644 1382 Capitolini
675 1284 804 1358 montis
832 1284 1047 1373 fistebantur,
1081 1283 1217 1356 decreta
1244 1281 1292 1352 ab

277 1475 283 1494 Ι
308 1405 440 1496 senatu,
463 1402 601 1504 integro
628 1407 743 1478 adhuc
765 1407 872 1494 bello,
900 1431 1015 1501 neque
1048 1424 1125 1476 tum
1156 1386 1292 1492 omisso,
1313 1393 1342 1426 ⁸

243 1506 246 1514 ¹
308 1527 397 1600 dum
412 1525 561 1622 aspectui
579 1525 781 1614 consulitur,
799 1525 915 1620 spreti·
926 1521 1146 1596 conscientia.
1195 1524 1294 1622 Qin

277 1645 280 1652 ’
311 1649 346 1717 δι
378 1643 629 1718 diffimulandis
663 1669 779 1742 rerum
806 1663 1029 1716 externarum
1059 1635 1163 1732 curis,
1192 1645 1295 1716 Nero

308 1762 524 1836 frumentum
553 1763 678 1860 plebis,
707 1763 875 1836 vetustate
908 1783 1126 1858 corruptum,
1162 1762 1198 1833 in
1225 1763 1292 1834 Ti-

309 1884 424 1958 berim
436 1882 535 1982 jecit,
566 1883 638 1982 qui>
667 1882 880 1956 securitatem
897 1908 1044 1955 annonae
1063 1881 1291 1978 sustentaret:

308 1981 408 2103 cujus
435 2004 546 2102 pretio
563 2004 649 2076 nihil
667 2003 828 2076 additum
847 2003 917 2094 ests
935 2003 1096 2101 quamvis
1124 2005 1294 2080 ducentas

309 2125 423 2200 ferme
452 2151 556 2199 naves
583 2145 686 2222 portu
703 2124 739 2196 in
755 2122 842 2221 ipso,
876 2124 1042 2198 violentia
1063 2123 1293 2222 tempestatis,

252 2293 259 2309 ι
311 2252 346 2322 llt
373 2267 519 2320 centum
547 2247 640 2336 alias,
674 2243 797 2320 Tiberi
828 2244 1021 2336 subrutus,
1051 2245 1211 2319 fortuitus
1239 2247 1293 2346 ig-

309 2368 365 2442 nis
392 2367 640 2464 absumpsisset.
698 2368 787 2440 Tres
821 2366 905 2440 dein
934 2367 1139 2458 consulares,
1164 2371 1211 2442 L.
1235 2369 1294 2441 Pi-

309 2488 444 2580 sonem,
468 2486 694 2560 Ducennium
722 2488 930 2580 Geminum,
960 2489 1172 2586 Pompeium
1188 2490 1292 2563 Paul-

310 2609 425 2684 linum
448 2603 677 2707 vectigalibus
710 2609 858 2705 publicis
888 2607 1087 2706 praeposuit‚
1118 2633 1201 2681 cum
1236 2609 1294 2681 in-

309 2728 493 2804 nuatione
533 2726 689 2824 priorum
713 2729 930 2828 Principum,
982 2730 1090 2828 “qui
1118 2727 1293 2828 gravitate

228 2872 229 2880 ¹
312 2857 341 2894 “
359 2849 562 2947 sumptuum
579 2846 690 2946 justos
707 2850 837 2924 reditus
853 2851 1056 2924 anteiffent:
1084 2849 1117 2924 se
1134 2877 1294 2925 annuum

312 2969 545 3044 “sexcenties
569 2969 762 3044 sestertium
787 2971 988 3069 reipublicae
1014 2972 1166 3072 largiri.''

360 3092 468 3166 mx.
494 3091 815 3166 Puncnnounnnr
846 3097 886 3168 effa
918 3094 1123 3194 tempestate
1139 3094 1292 3192 praviffi·

311 3237 390 3286 mus
434 3232 525 3304 mos,
562 3213 646 3286 cum
675 3213 878 3312 propinquis
907 3215 1073 3307 comitiis,
1116 3236 1176 3290 aut
1207 3217 1294 3292 sorte

312 3329 588 3432 provinciarum,
630 3333 787 3440 plerique
824 3335 901 3410 orbi
930 3337 1018 3410 siclis
1050 3338 1293 3435 adoptionibus
1345 3335 1347 3348 ⁴

311 3453 534 3532 adsciscerent
551 3455 654 3547 lilios,
678 3455 961 3555 praeturasque&
980 3458 1175 3556 provincias
1202 3457 1298 3531 inter
1320 3547 1322 3551 Ι

312 3595 425 3674 porres
442 3553 565 3668 sortiti,
593 3576 712 3650 statim
724 3577 922 3652 emitterent
939 3605 1059 3669 manu,
1079 3605 1167 3675 quos
1182 3580 1292 3676 adop-

312 3715 481 3772 taverant.
530 3699 670 3797 Magus
696 3725 778 3772 cum
808 3699 938 3773 invidit
966 3699 1121 3774 senatum
1147 3700 1291 3790 adeunt,

313 3827 342 3866 “
363 3817 420 3934 jus
432 3839 576 3912 naturae,
596 3821 730 3895 labores
747 3823 934 3916 educandi,
953 3823 1116 3898 adversus
1133 3818 1294 3896 fraudem
