3120 4860
333 399 399 493 198
596 393 638 464 C.
669 393 902 490 Conuenit
931 394 1113 492 Tncrrt

330 579 358 615 “
376 567 592 665 nipularibus
619 569 795 668 praecipua
818 571 938 646 servati
964 570 1048 646 civis
1075 597 1206 648 corona
1241 573 1312 648 im·
1371 557 1375 573 ⁸

329 696 356 738 “
374 687 544 787 peratorial
584 715 692 765 manu
740 692 958 784 tribueretur,
991 694 1096 792 *quod
1133 693 1222 766 illud
1273 700 1307 768 δι

330 817 357 853 “
377 830 550 907 quantum
566 812 687 904 decus,
719 814 781 886 ubi
810 838 1018 911 parcorum
1044 805 1209 897 numerus
1235 815 1310 888 adi-

330 938 358 974 “
379 930 576 1030 pisceretur,
595 933 656 1030 qni
671 933 856 1008 attulissent
875 933 1034 1026 salutern,
1055 939 1089 1008 δι
1120 935 1181 1034 qui
1208 958 1308 1010 acce-

307 1053 556 1150 1“piffenr·.>”
582 1055 652 1130 His
680 1075 786 1154 atque
814 1057 941 1130 talibus
965 1056 1003 1128 in
1025 1082 1216 1145 commune
1237 1057 1308 1130 ala·

326 1197 412 1265 cres,
441 1179 496 1272 (δι
513 1197 611 1250 etant
628 1203 716 1275 quoa
734 1177 1064 1276 periculasratrum,
1090 1197 1149 1252 aut
1167 1179 1309 1276 propin:

329 1323 482 1394 quorum
513 1298 660 1396 propriis
677 1299 824 1374 stimulis
842 1300 1086 1397 incenderent)
1104 1299 1310 1374 continuum

292 1465 294 1478 ‹
326 1417 388 1492 diu
413 1422 592 1519 noctuque
618 1422 683 1496 iter
707 1424 955 1518 properabant.

394 1545 495 1616 XIII.
540 1545 681 1629 Eooua
723 1541 903 1614 intentiln‘
935 1542 1124 1640 Vologeses
1158 1563 1315 1638 premere

323 1660 491 1756 obsessos,
525 1661 635 1733 modb
664 1661 796 1732 vallum
821 1659 1019 1758 legionum,
1055 1659 1164 1735 modi)
1192 1663 1313 1736 castel-

327 1783 416 1870 lurn,
445 1805 515 1876 quo
533 1778 683 1852 imbellis
701 1800 784 1852 aetas
801 1779 1066 1872 defendebatur,
1090 1783 1313 1880 adpugnare,

326 1899 467 1999 propibs
484 1899 662 1990 incedens,
689 1901 799 1998 quam
817 1927 893 1974 mos
917 1901 1065 1992 Parthis,
1101 1906 1124 1976 st
1142 1905 1181 1977 eal
1198 1922 1312 1978 teme-

326 2021 426 2094 ritate
451 2021 589 2095 hostem
618 2022 656 2093 in
685 2021 850 2120 proelium
883 2021 1032 2096 eliceret.
1084 2025 1136 2097 At
1168 2023 1219 2096 illi
1246 2024 1314 2098 vix

327 2142 563 2217 contuberniis
580 2137 749 2229 extrasli;
775 2169 840 2216 nec
857 2142 954 2216 aliud
971 2143 1081 2242 quam
1110 2125 1312 2237 munimenss

327 2285 365 2338 ta
382 2267 679 2364 propugnabant:
709 2290 785 2362 pars
809 2263 904 2362 jussu
931 2265 1046 2355 ducis,
1077 2268 1111 2338 δι
1139 2266 1198 2339 alil
1231 2291 1315 2365 pro-2

328 2386 402 2484 pria
429 2387 581 2485 ignavid,
610 2406 649 2459 ut
681 2387 922 2460 Corbulonem
949 2385 1182 2484 opperientes,
1217 2391 1312 2462 acsi

326 2507 380 2581 vis
404 2508 595 2608 ingrueret,
621 2504 763 2603 provisis
779 2507 950 2606 exemplis
966 2507 1138 2582 Caudinae
1165 2535 1206 2583 ac
1231 2512 1311 2582 Nu·

327 2629 493 2704 mantinae
522 2627 654 2700 cladis:
683 2636 711 2670 “
731 2629 860 2726 Neque
875 2629 1038 2705 eamdem
1055 2629 1128 2702 vim
1145 2630 1313 2702 Samniti-

329 2758 357 2793 “
377 2753 455 2839 bus,
482 2748 603 2822 Italico
632 2751 780 2847 populo,
806 2769 865 2824 aut
888 2731 1020 2840 Poenis,
1053 2749 1210 2824 Romani
1242 2749 1310 2824 im-

215 2900 224 2910 *
330 2871 464 2969 “perii
490 2868 636 2943 aemulis.
699 2871 861 2944 Validam
893 2895 1036 2970 quoque
1068 2871 1102 2944 δι
1136 2870 1312 2944 laudatam

325 2999 357 3044 ·“
375 2987 631 3089 antiquitatem,
667 2991 828 3090 quotiens
868 2991 1008 3067 fortuna
1040 2992 1164 3066 contra
1198 2993 1310 3082 daret,

329 3111 473 3184 “saluti
498 3109 737 3185 consuluisse.''
787 3115 867 3212 Qui
883 3113 1120 3212 desperatione
1141 3113 1315 3190 exercitiis

326 3233 402 3304 dux
419 3230 592 3323 subactus,
616 3234 746 3330 primas
761 3213 880 3308 tamen
897 3234 1011 3309 literas
1038 3237 1086 3310 ad
1101 3235 1312 3336 Vologesen,
1369 3326 1371 3337 Ι

329 3372 402 3425 non
428 3350 611 3450 supplices,
634 3354 691 3428 sed
716 3356 753 3428 in
775 3357 924 3430 modum
957 3358 1133 3454 querentis
1163 3381 1313 3454 compo-

326 3471 405 3563 suit,
434 3480 461 3516 “
478 3472 576 3572 qubd
603 3501 667 3572 pro
696 3475 871 3551 Armeniis
900 3479 1036 3576 semper
1061 3483 1234 3552 Romanae
1256 3476 1311 3547 di-

330 3602 357 3638 “
377 3593 494 3685 tionis,
520 3616 579 3669 aut
596 3593 755 3694 subjectis
779 3598 868 3698 regi,
896 3625 1004 3697 quem
1032 3601 1224 3696 Imperator
1247 3597 1311 3670 de-

331 3721 359 3758 “
379 3703 523 3813 legisset,
548 3717 684 3803 hostilia
711 3717 847 3793 faceret.
897 3722 1028 3795 Pacem
1047 3743 1091 3792 ex
1117 3743 1220 3817 aequo
1241 3717 1312 3790 uti-

326 3845 361 3896 *“
381 3839 462 3912 lem.
512 3839 592 3913 Nec
617 3839 798 3938 praesentia
811 3842 950 3918 tantiam
966 3841 1142 3940 spectaret.
1193 3837 1337 3938 Ipsum.
