3120 4860
432 390 729 462 Arruntium
771 384 882 459 Lrn.
923 382 1006 460 XV.
1148 410 1217 488 223

239 557 333 634 ternd
355 558 537 634 nobilitate
567 563 788 657 complexus,
816 561 910 634 claro
939 559 1036 656 apud
1069 561 1221 658 vulgum

240 666 379 754 rumore
397 701 482 770 erat,
508 707 568 779 per
594 681 773 771 virtutem,
792 702 851 754 aut
874 679 1005 778 'species
1034 679 1223 772 virtutibus

241 800 374 874 similes.
424 803 593 898 Namque
610 800 812 876 facundiam
830 803 966 876 tuendis
994 801 1130 876 civibus
1159 828 1221 874 ex-

238 923 390 1011 ercebat,
420 921 642 1020 largitionem
668 923 831 996 adverstis
855 922 1006 1009 amicos3
1035 921 1221 1020 &ignotis

239 1065 385 1140 quoque
418 1041 512 1114 comi
542 1030 698 1116 sermone
737 1048 771 1116 ὅτ
808 1047 999 1142 congressu.
1061 1043 1222 1116 Aderant

239 1163 345 1234 etiam
371 1160 528 1252 fortuita,
559 1188 684 1259 corpus
713 1190 911 1261 procerum,
935 1166 1065 1238 decora
1096 1160 1219 1236 facies:

238 1281 297 1358 sed
315 1285 437 1379 procul
456 1283 607 1380 gravitas
625 1311 780 1374 morum,
814 1307 874 1360 aut
906 1287 1126 1382 voluptatum
1144 1309 1222 1381 par·

242 1402 394 1478 cimonia
410 1397 426 1475 :¹
447 1383 580 1478 lenitati
606 1431 646 1478 ac
663 1405 1007 1509 magnificentiae,l&
1037 1403 1224 1502 aliquando

242 1522 343 1596 luxui
377 1523 593 1624 indulgebat.
654 1528 767 1623 quue
805 1528 961 1622 pluribus
994 1529 1222 1624 probabatur,

241 1643 317 1741 qui,
348 1643 383 1716 in
401 1631 493 1718 tantzl
509 1646 675 1728 vitiorum
692 1647 891 1736 dulcedine,
915 1645 1092 1722 summum
1110 1646 1223 1744 impe-

239 1765 335 1852 rium
347 1791 418 1844 non
435 1766 644 1857 restrictum,
671 1793 734 1842 nec
752 1765 971 1864 perseverum
989 1768 1124 1842 volunt.
1142 1819 1146 1827 ι
1209 1861 1215 1870 .

288 1888 429 1960 XLIX..
452 1889 624 1962 luirrunr
645 1887 889 1986 conjurationis
906 1915 978 1962 non
1006 1915 1026 1964 a
1054 1889 1222 1986 cupidine
1256 1920 1261 1931 ·

237 2007 339 2105 ipsius
355 2004 443 2080 fuit:
471 2033 535 2080 nec
553 2029 671 2080 tamen
696 2007 797 2080 facile
831 1989 1112 2098 memornverim,
1146 2010 1223 2113 quis

240 2127 374 2224 primus
391 2129 524 2217 auctor,
542 2125 639 2224 cujus
656 2125 819 2198 instinrflu
838 2125 1016 2198 concitum
1040 2131 1091 2216 fit,
1122 2133 1221 2227 quod

240 2268 313 2322 tam
343 2246 445 2320 multi
471 2245 698 2342 sumpserunt.
756 2245 1035 2343 Promptiffimos
1059 2249 1223 2342 Subrium

240 2367 420 2455 Flavium,
449 2365 629 2439 tribunum
648 2366 817 2463 praetoriae
834 2366 1000 2458 cohortis,
1021 2373 1061 2489 llrJ
1073 2371 1222 2468 Sulpici·

141 2579 144 2588 Ι
218 2513 302 2560 «um
332 2485 499 2583 Asprum,
534 2487 788 2579 centurionem,
819 2487 996 2580 exstitisse,
1033 2490 1224 2568 constantia

241 2606 356 2682 exitiis
373 2607 505 2682 docuit.
557 2610 603 2682 Et
620 2611 786 2684 Lucanus
804 2615 973 2699 AnnaeuS,
996 2611 1222 2710 Plautiusque

240 2711 448 2819 Lateranus,
486 2727 607 2803 consul
631 2731 839 2830 designatus,
866 2729 987 2804 vivida
1019 2733 1100 2805 odia
1126 2733 1221 2808 intu-
1276 2727 1279 2746 '

241 2851 323 2922 llere.
349 2853 536 2924 Lucanum
555 2850 703 2948 propriae
721 2851 830 2925 causae
845 2854 1096 2952 accendebant,
1124 2855 1221 2952 quod

240 2968 372 3064 famam
391 2952 672 3069 culminumejus
690 2976 867 3068 premebat
885 2973 995 3061 Nero,
1021 2976 1221 3071 sprohibue-

241 3111 371 3187 ratque
392 3091 577 3180 ostentare,
608 3113 717 3166 vanus
749 3071 1023 3167 adsimulatione.
1078 3098 1221 3172 Latera-

243 3209 345 3303 num,
379 3211 557 3285 consulem
592 3211 823 3312 designatum,
863 3216 959 3290 nulla
995 3213 1132 3313 injuria,
1163 3217 1236 3293 sed¹

238 3346 340 3406 ‘amor
361 3332 563 3430 reipublicae
585 3331 737 3408 sociavit.
788 3339 839 3408 At
867 3335 1007 3410 Flavius
1038 3337 1220 3434 Scevinus,
1275 3361 1278 3368 '

243 3457 278 3528 δι
296 3447 463 3526 Afranius
480 3453 705 3551 Qintianus,
730 3474 881 3554 uterque
893 3455 1049 3530 senatorii
1072 3461 1219 3553 ordinis,

241 3595 364 3649 contra
379 3572 511 3647 famam
528 3573 594 3664 sul,
619 3574 832 3673 principium
859 3577 945 3652 tanti
973 3579 1134 3655 facinoris
1163 3609 1222 3657 ca.

243 3697 416 3792 peffivdre.
466 3697 564 3768 Nam
596 3695 742 3768 Scevino
760 3696 921 3772 diffoluta
937 3700 1023 3772 luxu
1040 3715 1152 3795 mens,
1187 3709 1239 3776 dr·

243 3816 388 3912 proinde
403 3817 473 3892 vita
488 3815 612 3890 somno
630 3816 808 3918 languida.
845 3821 1057 3921 Qiintianus
1073 3825 1222 3912 mollitio
