3076 4868
325 389 369 466 52
555 365 596 438 C.
621 363 859 456 Conuurrt
884 365 1071 440 Taorrr

324 565 479 614 manum.
529 539 742 638 Capitolium
759 566 831 614 non
860 565 881 614 a
904 541 1076 630 Romulo,
1106 536 1164 612 led
1192 563 1214 610 a
1245 540 1293 613 T.

323 660 425 732 Tatio
442 660 602 734 additum
619 660 710 734 Urbi
729 661 915 735 credidere.
965 661 1059 733 Mox
1092 684 1156 756 pro
1183 657 1295 732 fortu-

321 783 364 852 nd
392 779 590 877 pomerium
618 783 771 858 auctum.
833 783 880 855 Et
913 805 1001 878 quos
1027 800 1105 854 tum
1131 777 1299 852 Claudius

321 899 489 974 terminos
522 899 684 998 posuerit,
720 900 820 977 satire
859 900 1019 1001 cognitu,
1076 905 1111 974 δι
1151 896 1297 996 publicis

322 1020 406 1095 auis
432 1021 667 1120 perscriptum.

382 1143 500 1214 XXV.
536 1144 817 1235 C.Aur1sr10,
857 1145 914 1218 Μ.
939 1142 1058 1218 Suillio
1081 1140 1293 1229 consulibus,

322 1261 464 1359 adoptio
481 1263 516 1336 in
535 1265 751 1357 Domitium,
779 1266 980 1340 auctoritate
1004 1262 1182 1366 Pallantis,
1206 1259 1296 1334 festi,

321 1403 443 1456 natur:
472 1384 533 1480 qui
562 1387 742 1461 obstrictus
772 1387 994 1482 Agrippinae,
1028 1405 1067 1458 ut
1094 1382 1298 1458 conciliator
1346 1419 1348 1426 1

321 1504 534 1600 nuptiarum,
566 1509 598 1576 δε
628 1523 713 1582 mox
739 1504 857 1600 stupro
875 1502 946 1601 ejus
975 1485 1151 1602 inligatus,
1176 1502 1296 1574 stimu-

323 1624 416 1697 labat
434 1623 635 1710 Claudium,
664 1621 896 1695 “consuleret
923 1621 1139 1718 reipublicae,
1165 1622 1296 1698 britan-

324 1749 352 1784 “
370 1741 437 1815 uici
469 1741 650 1838 pueritiam
680 1745 806 1815 robore
835 1743 1077 1818 circumdaret.
1127 1739 1181 1814 Sic
1203 1740 1299 1837 apud

178 1958 181 1972 Ι
324 1862 495 1937 “divum
519 1862 732 1961 Augustum,
761 1888 978 1961 quamquam
1007 1859 1193 1958 nepotibus
1217 1858 1297 1933 sub·
1374 1884 1376 1893 ’

149 2021 152 2028 ⁴
202 2079 206 2086 Ι
324 1986 352 2028 “
370 1982 512 2091 nixum,
540 1983 687 2081 viguilie
717 1983 917 2081 privignos:
955 2009 976 2056 a
1006 1981 1164 2072 Tiberio,
1198 1979 1300 2076 super

217 2091 219 2100 ¹
326 2103 548 2201 “propriam
577 2104 732 2202 stirpem,
777 2105 1029 2182 Germanicum
1062 2102 1300 2201 adsumptum.

228 2287 230 2292 ,
325 2232 354 2270 “
372 2227 414 2299 Se
432 2251 575 2324 quoque
593 2225 792 2324 accingeret
813 2223 957 2322 juvene,
989 2243 1123 2322 partem
1139 2233 1297 2298 curarum

212 2355 222 2372 ‘
327 2352 354 2388 “
373 2347 611 2444 capessrturo.''
676 2345 747 2416 His
780 2343 926 2434 evictus,
960 2345 1101 2418 biennio
1133 2341 1299 2440 majorem

245 2521 248 2528 f
325 2485 408 2538 natu
438 2460 635 2535 Domitium
665 2461 747 2532 filior
768 2460 960 2555 anteponit,
987 2463 1105 2536 habita
1128 2467 1223 2559 apud
1248 2463 1298 2536 se-

324 2605 446 2657 natum
463 2578 617 2652 oratione
644 2577 681 2650 in
710 2580 887 2670 eumdem,
914 2604 1020 2677 quern
1045 2607 1066 2652 a
1088 2581 1211 2653 liberto
1239 2607 1297 2653 ac,

325 2719 477 2796 ceperat,
518 2699 678 2773 modurn.
744 2699 972 2774 Adnotabant
1016 2699 1129 2798 periti,
1164 2701 1298 2774 nullam

325 2821 468 2893 antehac
496 2803 723 2918 adoptionem
755 2819 845 2902 inter
874 2819 1035 2918 patricios
1056 2819 1224 2896 Claudios
1246 2847 1298 2896 re-

326 2939 444 3039 periri,
482 2939 607 3040 eosque
647 2945 691 3018 ab
720 2946 807 3016 Atto
829 2941 953 3026 Clauso
982 2942 1167 3040 continuos
1193 2944 1298 3017 dura·
1359 2959 1362 2964 '

324 3061 419 3134 viffe.

375 3183 518 3281 XXVI„
546 3183 743 3256 Caranum
778 3185 862 3256 atta
896 3184 1049 3284 Principi
1083 3206 1207 3286 grates,
1237 3212 1297 3262 ex-

325 3303 497 3402 quisitiore
529 3303 566 3378 in
598 3301 797 3377 Domitium
820 3303 1028 3378 adulatione.
1091 3311 1303 3402 Rogataque

291 3506 298 3514 ,
326 3426 399 3514 lex,
425 3426 494 3522 qua
529 3429 557 3472 ‘⁴
570 3423 604 3495 in
622 3421 790 3498 familiam
808 3424 992 3510 Claudiam
1017 3429 1051 3498 br
1078 3450 1207 3526 nornen
1222 3427 1298 3516 Ne.

212 3635 215 3657 Ι
327 3552 356 3588 “
374 3545 466 3619 tonis
491 3545 677 3619 tranliret.''
727 3549 953 3644 Augetur&
984 3543 1184 3642 Agrippina
1214 3567 1298 3648 cog·
1351 3624 1352 3628 ,

327 3685 496 3738 nomento
524 3666 686 3763 Augusta:
722 3665 850 3764 quibus
888 3663 1041 3762 patratis,
1079 3687 1184 3738 nemo
1209 3665 1300 3739 adei>

327 3811 450 3894 expers
480 3784 720 3864 misericordia
761 3784 842 3879 fuit,
877 3785 986 3885 quem
1013 3809 1085 3861 non
1110 3785 1297 3870 Britannici
