3126 4864
439 383 746 495 Attttnrrunt
773 387 888 461 er.
917 381 1020 462 XIII.
1175 408 1238 489 tgr

273 567 303 612 ‘¹
320 565 462 665 quando
477 561 812 640 transmitterentur?
838 557 1016 639 Sertarent
1032 549 1109 636 sane
1125 585 1246 662 recep·

271 693 300 734 “
318 699 371 761 tos
387 687 569 788 gregibus,
592 687 679 760 inter
696 687 879 762 hominum
896 683 1050 772 samtm3
1075 675 1185 758 modd
1202 707 1246 758 ne

272 812 301 853 “
313 807 512 882 ‘uastitatem
530 813 564 881 dt
582 803 800 882 solitudinem
817 809 972 896 mallent,
992 805 1100 903 quim
1117 804 1248 878 amicos

272 935 300 974 “
319 931 481 1026 populos.
547 931 809 1002 Chamavorum
855 929 1034 1026 quondam
1078 943 1118 1000 et
1149 947 1245 1016 arva,

271 1055 300 1094 “
317 1073 404 1124 mox
419 1046 642 1140 Tubantum,
672 1053 705 1122 dt
732 1043 809 1146 pdst
825 1045 1027 1146 Usrpiorum
1044 1045 1153 1120 fuiffe.
1193 1045 1246 1117 Si·

271 1175 301 1214 “
320 1169 391 1242 cuti
420 1170 546 1243 taeluur
573 1167 652 1260 diis,
688 1169 734 1242 ita
766 1171 870 1243 terius
899 1168 1015 1267 generi
1048 1166 1248 1240 mortalium

249 1277 251 1281 ’
273 1294 301 1330 “
320 1289 441 1361 datas:
470 1311 620 1386 quaeque
636 1313 769 1380 vacuae,
798 1311 856 1362 eas
873 1288 1030 1386 publicas
1047 1287 1149 1360 else.’'
1186 1287 1248 1358 So·

219 1499 223 1508 .
271 1409 343 1481 lem
368 1407 496 1482 deinde
528 1409 720 1507 respiciens,
756 1414 790 1482 dt
829 1427 941 1482 cetera
973 1409 1079 1481 sidera
1105 1429 1247 1496 vocans,

271 1531 366 1625 quafi
395 1549 512 1602 coram
546 1529 792 1629 interrogabat,
836 1537 864 1602 ‘s
881 1530 1057 1602 vellentne
1097 1527 1249 1600 contueri

271 1651 302 1690 ‘⁴
318 1634 422 1746 inane
449 1647 588 1722 solum?
620 1649 735 1747 potiris
759 1667 854 1722 mare
877 1647 1163 1746 superfunderent
1184 1647 1246 1722 ad·

271 1775 300 1816 “
318 1772 436 1842 versus
460 1789 628 1844 tertarum
653 1771 862 1868 ereptores.''

315 1891 413 1962 LVI.
450 1893 506 1964 Er
543 1911 758 1965 commoror
792 1887 846 1963 his
873 1890 998 1965 Avitus
1031 1896 1059 1934 “
1084 1885 1248 1987 patienda

269 2015 298 2054 “
318 2009 507 2082 meliorum
523 2007 678 2107 imperia.
697 2043 705 2058 ,
728 2003 774 2082 ld
798 2009 877 2097 diis,
901 2034 990 2105 quos
1006 2009 1245 2104 implorarent,
1321 2027 1323 2035 ’

269 2137 299 2176 “
318 2129 500 2228 placitum,
530 2149 571 2202 ut
599 2127 782 2202 arbitrium
799 2149 904 2224 penes
928 2121 1110 2200 Romanos
1129 2151 1247 2204 mane·

268 2234 296 2294 “’
314 2259 380 2341 ret',
411 2239 499 2347 quid
516 2250 653 2336 darent,
672 2246 760 2344 quid
771 2246 991 2333 wadimerent3
1019 2269 1134 2344 neque
1153 2248 1246 2322 xalios

268 2377 298 2446 “.
309 2369 458 2467 judices,
490 2361 598 2466 quim
617 2360 750 2468 seipsos
781 2367 1014 2466 paterentur-.”
1079 2369 1172 2440 Haec
1211 2367 1248 2440 in
1314 2447 1317 2454 ι

269 2489 454 2588 publicum
495 2488 685 2563 AnsrburiIs
729 2486 936 2586 respondite
969 2488 1030 2586 ipsr
1066 2487 1246 2579 Boiocalo,
1349 2539 1352 2548 κ

266 2617 301 2656 “
315 2613 367 2684 ob
383 2602 591 2684 memoriam
609 2608 766 2682 amicitie
787 2611 950 2682 daturum
967 2603 1068 2708 agror
1083 2609 1120 2682 :''
1148 2610 1247 2706 quod

268 2729 341 2820 ille,
369 2711 409 2803 ut
441 2711 648 2827 proditionis
666 2725 831 2827 pretium,
861 2728 1058 2827 aspernatus
1082 2723 1244 2804 addiditt
1313 2791 1316 2800 i

269 2856 299 2894 “
318 2851 441 2921 Deesse
468 2838 570 2931 nobis
596 2869 698 2940 terra,
728 2850 765 2922 in
799 2852 869 2946 qut
896 2849 1077 2938 vivamus3
1111 2851 1148 2926 in
1176 2853 1246 2948 qui

193 2991 203 3038 ί
235 2994 239 3001 ’
270 2975 300 3012 “
319 2967 523 3059 moriamur,
568 2985 641 3042 non
673 2970 783 3068 potest
800 2971 836 3043 :’'
872 2990 976 3068 utque
1019 2971 1079 3062 ita,
1110 2971 1246 3045 infenfis

268 3089 445 3187 utrimque
461 3089 598 3183 enlmis,
616 3089 811 3164 discessum.
847 3093 903 3164 llll
919 3093 1112 3183 Broderos,
1126 3091 1245 3166 Tenc-

268 3221 377 3302 teros,
403 3211 577 3286 ulteriores
606 3211 712 3286 etiam
735 3211 889 3286 nationes
906 3210 1011 3286 socias
1029 3214 1123 3286 bello
1138 3237 1243 3287 voca·

269 3335 365 3407 bant.
427 3329 570 3423 Avitus,
601 3321 727 3431 scripto
764 3335 809 3407 ad
838 3332 1024 3407 Curtilium
1051 3327 1246 3407 *Manciam

267 3451 448 3550 superioris
465 3453 635 3528 exercitiis
653 3453 823 3552 legatum,
849 3461 877 3498 “
890 3475 929 3526 ut
955 3455 1123 3529 Rhenum
1140 3451 1245 3526 trans·

241 3651 257 3667 ,
270 3571 300 3618 “
319 3575 462 3672 gressus,
484 3599 591 3648 armow
610 3599 631 3647 a
659 3553 759 3672 tergo
774 3573 965 3648 ostenderet
980 3576 1015 3660 ;''
1043 3572 1113 3670 ipse
1134 3571 1244 3672 legio·

269 3712 331 3766 tter
358 3693 395 3766 in
423 3717 550 3794 agrum
565 3694 784 3766 Tencterum
800 3693 956 3782 induxit,
983 3675 1160 3767 excidium
1179 3687 1243 3763 mi·

270 3813 399 3908 nitaris,
418 3816 478 3890 nist
496 3801 632 3891 causam
650 3809 752 3888 suam
770 3812 997 3894 diffociatent.
1048 3811 1161 3910 Igitur
1184 3809 1244 3883 ab·
1310 3863 1312 3868 -

730 3933 764 4005 K
788 3957 807 4003 2
