3076 4868
232 587 1201 746 c.couuunm

333 862 1033 994 raeiri
1211 865 1214 874 ·

350 1096 1097 1259 nuunnna

339 1433 551 1506 LIBER
593 1389 1099 1502 vuuouucrruus.

232 1831 392 1983 Caua
409 1897 660 1972 Messinm
678 1893 842 1972 convulsa
863 1893 1034 1996 Principis
1063 1893 1225 1996 domur,

231 2038 309 2092 orto
323 2019 418 2116 apud
436 2018 578 2092 libertos
595 2017 798 2108 certamine,
835 2018 913 2115 quis
930 2019 1099 2116 deligeret
1117 2043 1209 2092 uxo-

230 2165 305 2214 rem
321 2138 476 2213 Claudio
489 2138 619 2212 caelibis
633 2137 715 2210 vitae
733 2138 945 2228 intoleranti,
966 2143 999 2210 &
1018 2137 1211 2236 conjugum

230 2261 387 2360 imperiis
416 2257 587 2334 obnoxio.
646 2259 725 2331 Nec
756 2258 891 2330 minore
913 2257 1048 2330 ambitu
1075 2258 1213 2333 feminae

168 2453 172 2466 ,
231 2382 437 2470 exarserant,
471 2377 569 2452 suam
601 2405 750 2477 quaeque
782 2377 1015 2470 nobilitatem,
1050 2375 1213 2470 formam,
1261 2467 1264 2472 ¹

231 2513 330 2600 opes,
371 2487 594 2591 contendere,
632 2527 672 2574 ac
709 2500 819 2601 digna
857 2520 956 2574 tanto
989 2499 1214 2574 matrimonio

230 2623 408 2697 ostentate.
459 2622 528 2696 Sed
551 2620 707 2696 maxime
729 2623 975 2722 ambigebatur
990 2622 1080 2694 inter
1097 2619 1213 2738 111111-

231 2768 290 2817 am
315 2743 528 2834 Paullinam,
574 2747 632 2817 M.
661 2743 771 2816 Lollii
800 2742 984 2817 consularis
1012 2741 1136 2834 filiam,
1178 2746 1214 2817 &

201 2863 365 2960 ›Juliam
387 2865 638 2962 Agrippinam,
668 2864 881 2938 Germanico
912 2863 1090 2964 genitamr
1129 2863 1213 2938 huic

231 2981 358 3071 Pallas,
386 2983 437 3054 illi
469 2985 643 3076 Callistus,
673 2983 821 3058 fautores
848 2987 1015 3058 aderant:
1049 3005 1085 3057 at
1117 2985 1214 3060 AElia

233 3103 356 3178 Petina
372 3125 391 3175 e
407 3100 537 3176 familia
564 3105 810 3200 Tuberonum,
840 3105 998 3178 Narciffo
1014 3103 1211 3180 fovebatur.

230 3223 309 3323 Ipse
325 3221 434 3298 modb
451 3225 535 3314 huc,
565 3225 673 3298 modb
690 3227 786 3317 illuc,
815 3245 854 3298 ut
872 3251 1050 3324 quemque
1066 3225 1211 3299 suaden-

199 3371 205 3380 ·
230 3345 321 3418 tium
337 3343 504 3433 audierat,
520 3363 717 3441 promptus,
728 3345 960 3438 discordantes
976 3346 1013 3419 in
1030 3346 1211 3420 confilium

231 3485 349 3562 vocat,
379 3491 421 3539 ac
451 3471 479 3506 “
496 3489 657 3562 promere
673 3463 888 3558 sententiam,
921 3473 955 3541 &
990 3463 1139 3563 adjicere
1155 3491 1210 3539 ra-

233 3593 263 3631 “
280 3586 415 3662 tiones’'
432 3583 546 3683 jubet.

167 3783 174 3792 ,
281 3709 328 3782 ll.
355 3709 583 3782 Nancrssus
622 3711 767 3780 “vetus
800 3707 1079 3800 matrimonium,
1109 3709 1211 3784 farni-

236 3835 264 3922 .“
282 3827 366 3906 liam
399 3828 651 3908 communem”
691 3829 793 3920 (nam
827 3827 982 3904 Antonia
1015 3855 1059 3902 ex
1090 3829 1211 3906 Petind

665 3949 702 4022 D
726 3973 747 4045 3
