3076 4868
458 381 462 388 ”
521 362 819 452 Arainon
854 375 964 451 Lttt.
1001 375 1067 454 XI.
1233 407 1256 475 9

324 556 390 630 IX.
415 555 549 648 Tunc,
574 556 741 632 distractis
767 557 918 632 Orientis
937 557 1081 648 viribus,
1102 561 1142 630 'dt
1170 557 1258 656 qud·

275 702 361 752 nam
389 675 594 750 inclinarent
622 677 773 768 incertis,
807 677 902 752 casus
931 678 1130 752 Mithridati
1158 680 1263 752 datus

121 790 124 797 ¹
223 859 238 872 κ
276 797 327 871 est
350 799 545 895 occupandi
575 780 798 888 Armeniam,
823 800 860 872 vi
888 789 1019 872 militis'
1036 781 1192 873 Romani
1213 801 1259 872 ad
1341 822 1343 826 ’

277 918 471 992 excidenda
484 920 702 992 castellorum
718 921 842 1008 ardua,¹
857 922 1027 1017 fimulque
1039 921 1143 993 Ibero
1161 945 1258 1000 exer-

275 1039 348 1113 citu
375 1020 519 1136 cainpos
538 1040 754 1138 persultante.
803 1042 880 1112 Nec
907 1040 1000 1114 enim
1023 1041 1171 1113 restitdre
1189 1045 1259 1113 Ar·
1305 1097 1308 1104 .
1365 1114 1368 1122 ,

277 1160 399 1249 menii,
422 1159 512 1249 fuso,
539 1161 599 1255 qui
629 1159 794 1256 proelium
812 1159 907 1247 ausus
936 1180 1019 1250 erat,
1040 1163 1260 1235 Demonacte

279 1278 455 1376 praefecte.
505 1279 706 1350 Paullulum
724 1279 951 1360 cunctationis
975 1281 1086 1352 attulit
1108 1305 1170 1354 rex
1193 1281 1259 1354 mi-
1327 1333 1330 1342 2
1424 1306 1425 1317 ¹

280 1397 372 1469 noris
396 1397 571 1470 Armeniae
588 1399 708 1494 Cotys,
729 1399 828 1470 terfis
852 1397 936 1470 illuc
953 1399 1161 1494 quibusdam
1179 1427 1259 1496 pro-

280 1542 419 1602 cemm3
450 1516 532 1590 dein
559 1517 662 1590 literis
692 1515 832 1592 Caesaris
855 1517 1051 1591 coercitus:
1079 1521 1112 1590 δε
1137 1522 1262 1594 cunda

162 1633 172 1650 ⁴
277 1636 314 1710 in
344 1635 575 1710 Mithridaten
602 1641 749 1729 fluxere,
780 1632 1137 1736 atrociorem,3qu?tm
1165 1663 1263 1714 novo

231 1763 233 1770 ’
278 1783 389 1878 regno
413 1761 635 1832 conduceret.
687 1764 737 1832 At
770 1759 886 1832 Parthi
911 1760 1148 1856 imperatores,
1178 1761 1260 1868 curn

276 1903 432 1976 pugnam
452 1901 624 1976 pararent,
653 1878 768 1952 foedus
786 1879 925 1978 repente
944 1877 1088 1970 faciunt,
1109 1881 1260 1979 cognitis

277 1986 500 2095 popularium
516 2000 657 2088 insidiis,
677 2027 763 2098 quas
780 2003 948 2072 Gotarzes
965 2000 1060 2072 fratri
1077 2001 1257 2097 patefecit:

166 2145 172 2157 *
276 2119 529 2218 congressique,
549 2103 662 2216 primo
678 2103 900 2202 contimtum
932 2119 1057 2190 deinde
1081 2123 1259 2218 complexi
1310 2099 1313 2106 Ι

162 2261 195 2311 “.
273 2241 425 2332 dextras,
452 2242 550 2339 apud
571 2240 689 2312 altaria
712 2237 820 2312 deum
846 2235 1025 2336 pepigere,
1057 2237 1262 2316 “fraudem
1359 2311 1362 2324 κ

278 2368 304 2413 “
321 2361 548 2434 inimicorum
581 2359 710 2449 ulcisci,
744 2377 849 2456 atque
870 2358 931 2455 ipsr
960 2358 1049 2430 inter
1075 2357 1108 2430 se
1137 2383 1261 2433 conce-

278 2487 305 2522 “
323 2480 443 2554 dere.''
491 2479 611 2553 Potior
631 2481 802 2554 Bardanes
827 2478 916 2552 visus
934 2477 1117 2552 retinendo
1139 2506 1261 2579 regno.

275 2605 328 2676 At
350 2603 537 2692 Gotarzes,
567 2626 611 2674 ne
629 2601 715 2699 quid
731 2600 959 2674 aemulationis
984 2601 1175 2694 exsisteret,
1199 2627 1260 2698 pe-

274 2722 365 2796 nitus
398 2723 434 2795 in
463 2722 683 2818 Hyrcaniam
715 2721 825 2796 abiit:
858 2723 1079 2820 regreffoque
1113 2722 1261 2796 Bardani
1325 2740 1334 2751 ·

275 2843 414 2935 deditur
430 2844 597 2946 Seleucia,
627 2841 778 2940 septimo
791 2841 874 2938 post
890 2840 1123 2914 defertionern
1140 2867 1258 2929 annor

238 2995 240 3000 ,
277 2985 350 3034 non
385 2967 453 3034 fine
477 2965 650 3038 dedecore
674 2963 895 3051 Parthorum,
925 2987 1012 3059 quos
1043 2987 1113 3036 una
1138 2963 1260 3039 civitas

276 3079 414 3154 tamdiu
438 3081 589 3154 eluserat.
1196 3171 1203 3200 ἱ

325 3203 372 3275 Χ.
402 3203 511 3274 Exrrt
541 3201 760 3276 validiffimas
795 3201 1012 3300 praefedluras
1043 3205 1190 3280 invafit:
1223 3213 1259 3284 ὃτ
1338 3190 1341 3200 ⁴

161 3357 163 3364 s
234 3391 236 3398 .
275 3322 466 3419 reciperare
483 3321 689 3412 Armeniam
715 3327 869 3422 parabat,
897 3325 933 3402 ni
960 3325 1102 3399 aVibio
1126 3329 1258 3421 Mars0,

276 3442 382 3539 Syria
407 3443 551 3540 legato,
567 3443 700 3516 bellum
725 3445 921 3535 minitante,
951 3445 1126 3520 cohibitus
1159 3446 1258 3522 foret.

174 3609 184 3622 x
276 3567 400 3660 Atque
418 3562 556 3636 interim
569 3566 742 3637 Gotarzes
758 3559 958 3662 paenitentia
974 3569 1119 3641 eonceffi
1141 3567 1257 3667 regni,

278 3687 513 3758 &revocante
535 3665 728 3775 nobilitate,
753 3685 809 3759 cui
837 3687 873 3758 in
903 3713 987 3784 pace
1009 3687 1126 3762 durius
1146 3689 1258 3762 ‘servi-
1349 3739 1355 3747 ,

277 3801 366 3878 tium
392 3804 452 3896 est,
480 3803 653 3884 contrahit
680 3805 822 3904 copias:
857 3813 890 3883 ὅτ
920 3807 1000 3882 huic
1024 3811 1141 3884 contra
1168 3811 1258 3888 itum
1332 3878 1338 3884 .
