3076 4868
310 347 353 418 16
507 369 510 374 ¹
539 335 1050 429 C.Conuan11Tac1r1
1102 429 1103 432 Ἴ

304 547 364 620 per
380 519 537 594 aestuoria
555 527 587 594 δε
607 519 708 595 fossas
723 522 859 622 adegit:
888 521 1115 627 lintribusque
1131 524 1283 608 hostium

303 643 476 738 depressis,
510 647 543 716 δε
574 645 757 716 exturbato
792 642 986 735 Gannasco,
1012 644 1073 720 ubi
1107 645 1284 741 prasentia
1322 659 1326 668 ’

302 760 379 834 satis
410 753 598 861 composita
627 763 718 854 sunt,
747 763 902 869 legiones
924 768 1127 862 operum&
1156 765 1284 838 laboris

302 882 459 982 ignavas,
481 885 766 982 populationibus
784 886 950 975 laetantes,
969 905 1125 958 veterem
1142 886 1186 958 ad
1203 911 1294 958 mo·,

301 1029 376 1076 rem
395 983 554 1077 reduxit:
575 1031 619 1078 ne
637 1005 713 1103 quis
730 1005 869 1103 agmine
886 1007 1082 1094 decederet,
1101 1031 1166 1079 uec
1191 1033 1282 1105 pug-

301 1151 397 1215 nam,
427 1123 621 1222 nisrjulsus,
640 1125 762 1199 iniret:
794 1125 966 1215 stationes,
986 1125 1128 1224 vigiliae,
1157 1125 1283 1230 diurna

302 1247 539 1344 nocturnaque
572 1246 705 1345 munia,
736 1246 772 1318 in
801 1245 903 1322 armis
935 1245 1166 1346 agitalfantur.
1216 1247 1282 1319 Fe·

301 1385 451 1463 runtque
484 1373 511 1410 “
530 1365 692 1455 militem,
724 1366 805 1461 quia
832 1369 964 1437 vallum
993 1392 1064 1437 non
1091 1366 1281 1457 accinslus,

302 1494 451 1584 “atque
483 1488 604 1575 alium,
636 1483 720 1582 quia
749 1485 902 1582 pugione
926 1485 1069 1557 tannim
1103 1487 1282 1564 accinctus

301 1615 329 1650 “
347 1605 490 1696 foderet,
523 1625 636 1678 morte
664 1603 840 1702 punitos’'
889 1607 980 1702 Qtae
1009 1603 1131 1696 nimia,
1167 1611 1200 1678 ὅτ
1226 1606 1279 1678 in-

301 1746 435 1800 certum
459 1753 503 1798 an
529 1725 617 1798 salso
638 1723 745 1824 jacta,
772 1725 942 1824 originem
964 1745 1086 1798 tamen
1112 1751 1132 1799 e
1157 1724 1280 1801 severi·
1338 1740 1344 1750 '

302 1869 373 1928 tate
387 1847 485 1922 ducis
503 1849 655 1920 traxere:
682 1847 975 1944 intentumque&
994 1846 1131 1945 magnis
1147 1847 1281 1921 delictis

272 1949 274 1956 ,
299 1967 549 2046 inexorabilem
578 1967 674 2058 scias,
705 1967 762 2042 cui
791 1988 930 2042 tantum
963 1951 1146 2066 asperitatis
1174 1969 1279 2044 etiam
1328 1963 1330 1968 ¹

299 2091 465 2164 adversus
476 2089 566 2163 le‘via
582 2089 799 2164 credebatur.
1283 2071 1286 2076 .

347 2213 449 2286 XIX.
474 2212 671 2284 Caranum
702 2210 729 2282 is
754 2231 861 2289 terror
881 2210 1009 2284 milites
1035 2207 1215 2307 hostesque
1241 2209 1277 2282 in

292 2325 469 2407 'diversum
484 2331 630 2404 adfecit:
658 2355 720 2402 nos
738 2329 901 2403 virtutem
926 2329 1111 2416 auximus3
1141 2329 1278 2404 barbari

235 2495 239 2504 .
296 2451 463 2528 ferociam
481 2447 660 2542 infregere.
702 2451 758 2522 ¹Et
780 2449 875 2524 natio
897 2451 1097 2542 Frifiorum,
1126 2451 1201 2547 post
1225 2477 1277 2524 re·
1336 2504 1348 2512 a

298 2549 502 2664 bulionem,
528 2568 626 2660 clade
640 2569 686 2639 L.
705 2566 852 2663 Apronii
869 2551 1035 2664 coeptam,
1054 2567 1198 2658 insensa,
1211 2583 1280 2654 'aut

298 2693 388 2766 male
415 2691 499 2778 lida,
524 2688 613 2762 datis
631 2687 821 2778 obsidibus,
847 2686 1000 2760 consedit
1023 2689 1117 2786 apud
1136 2681 1275 2786 agrosa
1325 2777 1330 2786 ι
1369 2695 1373 2708 “

297 2812 511 2889 Corbulone
528 2807 724 2908 descriptos.
773 2810 873 2908 Idem
901 2806 1069 2898 senatum,
1097 2809 1276 2909 magistra·
1374 2793 1375 2802 ἵ

296 2953 365 3023 tus,
389 2934 481 3030 leges
499 2930 671 3027 imposuit.
722 2937 777 3036 Ac
803 2955 847 3004 ne
865 2927 957 3027 jussa
978 2951 1158 3021 exuerent,
1188 2957 1273 3028 prae-

299 3051 421 3126 srdium
453 3050 678 3136 immunivit;
705 3052 822 3142 miflis,
855 3050 915 3148 qui
949 3049 1093 3148 majores
1116 3051 1276 3127 Chaucos
1310 3073 1312 3086 ·

296 3174 340 3246 ad
357 3171 569 3245 deditionem
594 3171 804 3268 pellicerent,
831 3173 929 3244 simul
946 3171 1168 3248 Gannascum
1191 3173 1275 3243 dolo

215 3363 217 3366 ,
295 3295 577 3392 adgrederentur.
627 3293 704 3365 Nec
722 3290 848 3382 iuritae,
865 3312 928 3384 aut·
940 3293 1125 3390 degeneres
1142 3288 1272 3362 infidia

296 3413 394 3488 suere
420 3413 584 3510 adversus
606 3410 840 3509 transfugam,
875 3417 909 3486 ὅτ
945 3413 1148 3486 violatorem
1178 3409 1272 3482 fidei.

265 3577 268 3582 ·
296 3535 364 3610 Sed
382 3535 476 3606 caede
494 3531 576 3631 ejus,
587 3553 692 3607 motae
710 3534 934 3606 Chaucorum
958 3550 1103 3618 mentes,
1125 3534 1168 3602 ¹&
1185 3531 1272 3603 Cor·

247 3707 254 3718 ·
295 3656 380 3730 bulo
408 3653 535 3726 semina
561 3653 755 3727 rebellionis
784 3655 982 3752 praebebat3
1007 3669 1045 3722 ut
1074 3651 1151 3724 laets
1178 3651 1272 3748 apud
1357 3703 1359 3706 -

254 3849 256 3858 ,
297 3773 489 3875 plerosque,
509 3775 556 3850 ita
572 3776 667 3874 apud
685 3771 853 3872 quosdam
871 3771 996 3846 finistis
1012 3767 1126 3850 sama:
1155 3777 1181 3815 “
1200 3772 1273 3850 Cur.

659 4091 662 4101 Ι
675 4059 683 4088 l
