<?xml version="1.0" encoding="UTF-8"?>
<!DOCTYPE html PUBLIC "-//W3C//DTD XHTML 1.0 Transitional//EN"
    "http://www.w3.org/TR/xhtml1/DTD/xhtml1-transitional.dtd">
<html xmlns="http://www.w3.org/1999/xhtml" xml:lang="en" lang="en">
 <head>
  <title>
</title>
<meta http-equiv="Content-Type" content="text/html;charset=utf-8" />
  <meta name='ocr-system' content='tesseract 3.04.00' />
  <meta name='ocr-capabilities' content='ocr_page ocr_carea ocr_par ocr_line ocrx_word'/>
</head>
<body>
  <div class='ocr_page' id='page_1' title='image "./ccorneliitaciti03freigoog_0216.png"; bbox 0 0 3120 4860; ppageno 0'>
   <div class='ocr_carea' id='block_1_1' title="bbox 429 397 1221 502">
    <p class='ocr_par' dir='ltr' id='par_1_1' title="bbox 429 397 1221 502">
     <span class='ocr_line' id='line_1_1' title="bbox 429 397 1221 502; baseline -0.003 -24"><span class='ocrx_word' id='word_1_1' title='bbox 429 404 730 478; x_wconf 76' lang='lat' dir='ltr'><strong>Auunrruu</strong></span> <span class='ocrx_word' id='word_1_2' title='bbox 758 400 868 472; x_wconf 84' lang='lat' dir='ltr'><strong>Lra.</strong></span> <span class='ocrx_word' id='word_1_3' title='bbox 894 397 977 472; x_wconf 88' lang='lat' dir='ltr'><strong>XV.</strong></span> <span class='ocrx_word' id='word_1_4' title='bbox 1151 422 1221 502; x_wconf 82' lang='lat'><strong>215</strong></span> 
     </span>
    </p>
   </div>
   <div class='ocr_carea' id='block_1_2' title="bbox 133 576 1310 3946">
    <p class='ocr_par' dir='ltr' id='par_1_2' title="bbox 240 576 1310 1404">
     <span class='ocr_line' id='line_1_2' title="bbox 246 576 1226 678; baseline -0.003 -25"><span class='ocrx_word' id='word_1_5' title='bbox 246 577 442 676; x_wconf 80' lang='lat' dir='ltr'>reliquerat,</span> <span class='ocrx_word' id='word_1_6' title='bbox 457 577 529 676; x_wconf 76' lang='lat' dir='ltr'><strong>qud</strong></span> <span class='ocrx_word' id='word_1_7' title='bbox 546 576 746 674; x_wconf 86' lang='lat' dir='ltr'><strong>corruptior</strong></span> <span class='ocrx_word' id='word_1_8' title='bbox 757 595 897 678; x_wconf 82' lang='lat' dir='ltr'><strong>ageret3</strong></span> <span class='ocrx_word' id='word_1_9' title='bbox 921 577 981 650; x_wconf 85' lang='lat' dir='ltr'><strong>nifi</strong></span> <span class='ocrx_word' id='word_1_10' title='bbox 1000 601 1129 676; x_wconf 88' lang='lat' dir='ltr'><strong>paucos</strong></span> <span class='ocrx_word' id='word_1_11' title='bbox 1147 577 1226 674; x_wconf 92' lang='lat' dir='ltr'><strong>post</strong></span> 
     </span>
     <span class='ocr_line' id='line_1_3' title="bbox 242 696 1226 798; baseline 0.001 -24"><span class='ocrx_word' id='word_1_12' title='bbox 242 698 315 774; x_wconf 87' lang='lat' dir='ltr'><strong>dies</strong></span> <span class='ocrx_word' id='word_1_13' title='bbox 327 699 388 774; x_wconf 94' lang='lat' dir='ltr'><strong>uni</strong></span> <span class='ocrx_word' id='word_1_14' title='bbox 401 698 524 796; x_wconf 84' lang='lat' dir='ltr'><strong>exilio</strong></span> <span class='ocrx_word' id='word_1_15' title='bbox 543 698 859 776; x_wconf 79' lang='lat' dir='ltr'><strong>contaminatorum</strong></span> <span class='ocrx_word' id='word_1_16' title='bbox 873 723 994 798; x_wconf 83' lang='lat' dir='ltr'>grege,</span> <span class='ocrx_word' id='word_1_17' title='bbox 1020 696 1076 772; x_wconf 92' lang='lat' dir='ltr'><strong>cui</strong></span> <span class='ocrx_word' id='word_1_18' title='bbox 1092 723 1226 776; x_wconf 87' lang='lat' dir='ltr'><strong>nomeu</strong></span> 
     </span>
     <span class='ocr_line' id='line_1_4' title="bbox 241 815 1226 919; baseline 0 -27"><span class='ocrx_word' id='word_1_19' title='bbox 241 819 432 919; x_wconf 68' lang='lat' dir='ltr'><strong>Pythagora</strong></span> <span class='ocrx_word' id='word_1_20' title='bbox 467 819 548 912; x_wconf 90' lang='lat' dir='ltr'><strong>fuit,</strong></span> <span class='ocrx_word' id='word_1_21' title='bbox 574 820 612 892; x_wconf 92' lang='lat' dir='ltr'><strong>in</strong></span> <span class='ocrx_word' id='word_1_22' title='bbox 642 821 791 893; x_wconf 92' lang='lat' dir='ltr'><strong>modum</strong></span> <span class='ocrx_word' id='word_1_23' title='bbox 819 818 1040 894; x_wconf 85' lang='lat' dir='ltr'><strong>sollemnium</strong></span> <span class='ocrx_word' id='word_1_24' title='bbox 1067 815 1226 917; x_wconf 84' lang='lat' dir='ltr'><strong>conjugi·</strong></span> 
     </span>
     <span class='ocr_line' id='line_1_5' title="bbox 241 931 1310 1040; baseline 0 -27"><span class='ocrx_word' id='word_1_25' title='bbox 241 965 345 1014; x_wconf 89' lang='lat' dir='ltr'><strong>orum</strong></span> <span class='ocrx_word' id='word_1_26' title='bbox 389 934 612 1038; x_wconf 65' lang='lat' dir='ltr'><strong>denupsrffet·</strong></span> <span class='ocrx_word' id='word_1_27' title='bbox 685 941 845 1014; x_wconf 90' lang='lat' dir='ltr'><strong>Inditum</strong></span> <span class='ocrx_word' id='word_1_28' title='bbox 881 939 1084 1040; x_wconf 85' lang='lat' dir='ltr'><strong>Imperatori</strong></span> <span class='ocrx_word' id='word_1_29' title='bbox 1124 941 1227 1014; x_wconf 89' lang='lat' dir='ltr'><strong>flam·</strong></span> <span class='ocrx_word' id='word_1_30' title='bbox 1305 931 1310 938; x_wconf 68' lang='grc'><strong>’</strong></span> 
     </span>
     <span class='ocr_line' id='line_1_6' title="bbox 240 1057 1310 1160; baseline -0.002 -24"><span class='ocrx_word' id='word_1_31' title='bbox 240 1085 377 1151; x_wconf 89' lang='lat' dir='ltr'><strong>meum,</strong></span> <span class='ocrx_word' id='word_1_32' title='bbox 395 1060 457 1136; x_wconf 76' lang='lat' dir='ltr'><strong>visi</strong></span> <span class='ocrx_word' id='word_1_33' title='bbox 474 1057 639 1160; x_wconf 84' lang='lat' dir='ltr'>auspices,</span> <span class='ocrx_word' id='word_1_34' title='bbox 652 1061 730 1152; x_wconf 88' lang='lat' dir='ltr'><strong>dos,</strong></span> <span class='ocrx_word' id='word_1_35' title='bbox 751 1067 785 1136; x_wconf 73' lang='lat' dir='ltr'><strong>lc</strong></span> <span class='ocrx_word' id='word_1_36' title='bbox 803 1060 946 1160; x_wconf 86' lang='lat' dir='ltr'><strong>genialis</strong></span> <span class='ocrx_word' id='word_1_37' title='bbox 962 1082 1069 1152; x_wconf 93' lang='lat' dir='ltr'><strong>torus,</strong></span> <span class='ocrx_word' id='word_1_38' title='bbox 1089 1058 1228 1146; x_wconf 83' lang='lat' dir='ltr'><strong>&amp;faces</strong></span> <span class='ocrx_word' id='word_1_39' title='bbox 1308 1064 1310 1073; x_wconf 88' lang='lat'>&#39;</span> 
     </span>
     <span class='ocr_line' id='line_1_7' title="bbox 243 1181 1227 1282; baseline 0.001 -27"><span class='ocrx_word' id='word_1_40' title='bbox 243 1183 440 1282; x_wconf 85' lang='lat' dir='ltr'>nuptiales:</span> <span class='ocrx_word' id='word_1_41' title='bbox 461 1185 587 1260; x_wconf 70' lang='lat' dir='ltr'><strong>cuncta</strong></span> <span class='ocrx_word' id='word_1_42' title='bbox 601 1183 754 1282; x_wconf 87' lang='lat' dir='ltr'><strong>denique</strong></span> <span class='ocrx_word' id='word_1_43' title='bbox 777 1183 936 1282; x_wconf 74' lang='lat' dir='ltr'><strong>spectata,</strong></span> <span class='ocrx_word' id='word_1_44' title='bbox 964 1209 1044 1282; x_wconf 82' lang='lat' dir='ltr'><strong>quae</strong></span> <span class='ocrx_word' id='word_1_45' title='bbox 1062 1181 1166 1256; x_wconf 91' lang='lat' dir='ltr'><strong>etiam</strong></span> <span class='ocrx_word' id='word_1_46' title='bbox 1189 1181 1227 1256; x_wconf 89' lang='lat' dir='ltr'><strong>in</strong></span> 
     </span>
     <span class='ocr_line' id='line_1_8' title="bbox 244 1301 1016 1404; baseline 0.001 -29"><span class='ocrx_word' id='word_1_47' title='bbox 244 1301 375 1376; x_wconf 76' lang='lat' dir='ltr'><strong>femina</strong></span> <span class='ocrx_word' id='word_1_48' title='bbox 391 1329 463 1378; x_wconf 85' lang='lat' dir='ltr'><strong>nox</strong></span> <span class='ocrx_word' id='word_1_49' title='bbox 476 1304 599 1402; x_wconf 87' lang='lat' dir='ltr'><strong>operit.</strong></span> <span class='ocrx_word' id='word_1_50' title='bbox 792 1321 795 1326; x_wconf 83' lang='lat'>&#39;</span> <span class='ocrx_word' id='word_1_51' title='bbox 1008 1385 1016 1404; x_wconf 39' lang='lat' dir='ltr'><strong><em>s</em></strong></span> 
     </span>
    </p>

    <p class='ocr_par' dir='ltr' id='par_1_3' title="bbox 241 1423 1287 1886">
     <span class='ocr_line' id='line_1_9' title="bbox 290 1423 1287 1516; baseline -0.002 -18"><span class='ocrx_word' id='word_1_52' title='bbox 290 1425 500 1498; x_wconf 85' lang='lat' dir='ltr'>XXXVIII.</span> <span class='ocrx_word' id='word_1_53' title='bbox 538 1427 744 1516; x_wconf 62' lang='lat' dir='ltr'><strong>Samrrrur</strong></span> <span class='ocrx_word' id='word_1_54' title='bbox 769 1427 899 1516; x_wconf 85' lang='lat' dir='ltr'>clades,</span> <span class='ocrx_word' id='word_1_55' title='bbox 935 1423 1037 1515; x_wconf 66' lang='lat' dir='ltr'><strong>sorte,</strong></span> <span class='ocrx_word' id='word_1_56' title='bbox 1073 1451 1117 1497; x_wconf 89' lang='lat' dir='ltr'><strong>an</strong></span> <span class='ocrx_word' id='word_1_57' title='bbox 1142 1425 1227 1498; x_wconf 92' lang='lat' dir='ltr'><strong>dolo</strong></span> <span class='ocrx_word' id='word_1_58' title='bbox 1278 1461 1287 1471; x_wconf 58' lang='grc'><strong>«</strong></span> 
     </span>
     <span class='ocr_line' id='line_1_10' title="bbox 243 1541 1229 1644; baseline -0.002 -26"><span class='ocrx_word' id='word_1_59' title='bbox 243 1541 414 1641; x_wconf 86' lang='lat' dir='ltr'><strong>Principis</strong></span> <span class='ocrx_word' id='word_1_60' title='bbox 425 1545 619 1620; x_wconf 84' lang='lat' dir='ltr'><strong>incertum:</strong></span> <span class='ocrx_word' id='word_1_61' title='bbox 647 1573 729 1620; x_wconf 90' lang='lat' dir='ltr'><strong>nam</strong></span> <span class='ocrx_word' id='word_1_62' title='bbox 754 1567 945 1644; x_wconf 87' lang='lat' dir='ltr'><strong>utrumque</strong></span> <span class='ocrx_word' id='word_1_63' title='bbox 968 1547 1125 1620; x_wconf 73' lang='lat' dir='ltr'><strong>auctores</strong></span> <span class='ocrx_word' id='word_1_64' title='bbox 1148 1569 1229 1641; x_wconf 91' lang='lat' dir='ltr'><strong>pro·</strong></span> 
     </span>
     <span class='ocr_line' id='line_1_11' title="bbox 242 1663 1227 1766; baseline -0.001 -28"><span class='ocrx_word' id='word_1_65' title='bbox 242 1663 381 1738; x_wconf 67' lang='lat' dir='ltr'><strong>didere:</strong></span> <span class='ocrx_word' id='word_1_66' title='bbox 406 1663 464 1738; x_wconf 91' lang='lat' dir='ltr'><strong>sed</strong></span> <span class='ocrx_word' id='word_1_67' title='bbox 487 1667 666 1758; x_wconf 89' lang='lat' dir='ltr'><strong>omnibus,</strong></span> <span class='ocrx_word' id='word_1_68' title='bbox 690 1693 770 1766; x_wconf 82' lang='lat' dir='ltr'><strong>quae</strong></span> <span class='ocrx_word' id='word_1_69' title='bbox 787 1667 870 1741; x_wconf 92' lang='lat' dir='ltr'><strong>huic</strong></span> <span class='ocrx_word' id='word_1_70' title='bbox 887 1666 981 1740; x_wconf 92' lang='lat' dir='ltr'><strong>Urbi</strong></span> <span class='ocrx_word' id='word_1_71' title='bbox 1005 1691 1068 1762; x_wconf 90' lang='lat' dir='ltr'><strong>per</strong></span> <span class='ocrx_word' id='word_1_72' title='bbox 1091 1664 1227 1738; x_wconf 88' lang='lat' dir='ltr'><strong>violen-</strong></span> 
     </span>
     <span class='ocr_line' id='line_1_12' title="bbox 241 1783 1228 1886; baseline 0.001 -28"><span class='ocrx_word' id='word_1_73' title='bbox 241 1783 328 1858; x_wconf 87' lang='lat' dir='ltr'><strong>tiam</strong></span> <span class='ocrx_word' id='word_1_74' title='bbox 352 1784 491 1884; x_wconf 84' lang='lat' dir='ltr'><strong>ignium</strong></span> <span class='ocrx_word' id='word_1_75' title='bbox 520 1787 734 1878; x_wconf 88' lang='lat' dir='ltr'><strong>acciderunt‚</strong></span> <span class='ocrx_word' id='word_1_76' title='bbox 761 1787 903 1886; x_wconf 86' lang='lat' dir='ltr'><strong>gravior</strong></span> <span class='ocrx_word' id='word_1_77' title='bbox 928 1807 1034 1885; x_wconf 90' lang='lat' dir='ltr'><strong>atque</strong></span> <span class='ocrx_word' id='word_1_78' title='bbox 1066 1785 1228 1860; x_wconf 85' lang='lat' dir='ltr'><strong>atrocior.</strong></span> 
     </span>
    </p>

    <p class='ocr_par' dir='ltr' id='par_1_4' title="bbox 133 1906 1232 2730">
     <span class='ocr_line' id='line_1_13' title="bbox 133 1906 1229 2006; baseline 0 -27"><span class='ocrx_word' id='word_1_79' title='bbox 133 1953 134 1960; x_wconf 24' lang='grc' dir='ltr'><strong>κ</strong></span> <span class='ocrx_word' id='word_1_80' title='bbox 241 1906 387 1980; x_wconf 90' lang='lat' dir='ltr'><strong>Initium</strong></span> <span class='ocrx_word' id='word_1_81' title='bbox 412 1909 449 1981; x_wconf 92' lang='lat' dir='ltr'><strong>in</strong></span> <span class='ocrx_word' id='word_1_82' title='bbox 483 1911 523 1982; x_wconf 76' lang='lat' dir='ltr'><strong>ei</strong></span> <span class='ocrx_word' id='word_1_83' title='bbox 553 1929 649 2006; x_wconf 90' lang='lat' dir='ltr'><strong>parte</strong></span> <span class='ocrx_word' id='word_1_84' title='bbox 678 1909 773 1982; x_wconf 88' lang='lat' dir='ltr'><strong>Circi</strong></span> <span class='ocrx_word' id='word_1_85' title='bbox 802 1929 935 1997; x_wconf 88' lang='lat' dir='ltr'><strong>ortum,</strong></span> <span class='ocrx_word' id='word_1_86' title='bbox 953 1925 1045 2006; x_wconf 86' lang='lat' dir='ltr'><strong>&#39;quae</strong></span> <span class='ocrx_word' id='word_1_87' title='bbox 1069 1907 1229 1982; x_wconf 89' lang='lat' dir='ltr'><strong>Palatino</strong></span> 
     </span>
     <span class='ocr_line' id='line_1_14' title="bbox 240 2027 1227 2126; baseline -0.006 -20"><span class='ocrx_word' id='word_1_88' title='bbox 240 2027 419 2126; x_wconf 79' lang='lat' dir='ltr'><strong>Caelioque</strong></span> <span class='ocrx_word' id='word_1_89' title='bbox 435 2029 612 2112; x_wconf 88' lang='lat' dir='ltr'><strong>montibus</strong></span> <span class='ocrx_word' id='word_1_90' title='bbox 629 2027 797 2126; x_wconf 88' lang='lat' dir='ltr'><strong>contigua</strong></span> <span class='ocrx_word' id='word_1_91' title='bbox 812 2028 873 2100; x_wconf 90' lang='lat' dir='ltr'><strong>est.</strong></span> <span class='ocrx_word' id='word_1_92' title='bbox 923 2027 1000 2099; x_wconf 91' lang='lat' dir='ltr'><strong>Ubi</strong></span> <span class='ocrx_word' id='word_1_93' title='bbox 1026 2053 1087 2124; x_wconf 93' lang='lat' dir='ltr'><strong>per</strong></span> <span class='ocrx_word' id='word_1_94' title='bbox 1110 2029 1227 2102; x_wconf 88' lang='lat' dir='ltr'><strong>taber·</strong></span> 
     </span>
     <span class='ocr_line' id='line_1_15' title="bbox 243 2146 1229 2256; baseline 0.001 -34"><span class='ocrx_word' id='word_1_95' title='bbox 243 2175 319 2242; x_wconf 88' lang='lat' dir='ltr'><strong>nas,</strong></span> <span class='ocrx_word' id='word_1_96' title='bbox 345 2148 475 2248; x_wconf 84' lang='lat' dir='ltr'><strong>quibus</strong></span> <span class='ocrx_word' id='word_1_97' title='bbox 501 2148 540 2222; x_wconf 93' lang='lat' dir='ltr'><strong>id</strong></span> <span class='ocrx_word' id='word_1_98' title='bbox 558 2147 828 2222; x_wconf 89' lang='lat' dir='ltr'><strong>mercimonium</strong></span> <span class='ocrx_word' id='word_1_99' title='bbox 845 2146 969 2234; x_wconf 85' lang='lat' dir='ltr'><strong>inerat,</strong></span> <span class='ocrx_word' id='word_1_100' title='bbox 997 2173 1068 2256; x_wconf 86' lang='lat' dir='ltr'><strong>quo</strong></span> <span class='ocrx_word' id='word_1_101' title='bbox 1085 2151 1229 2224; x_wconf 87' lang='lat' dir='ltr'><strong>flamma</strong></span> 
     </span>
     <span class='ocr_line' id='line_1_16' title="bbox 243 2265 1232 2366; baseline -0.001 -23"><span class='ocrx_word' id='word_1_102' title='bbox 243 2271 359 2362; x_wconf 87' lang='lat' dir='ltr'><strong>alitur,</strong></span> <span class='ocrx_word' id='word_1_103' title='bbox 391 2269 492 2343; x_wconf 76' lang='lat' dir='ltr'><strong>simul</strong></span> <span class='ocrx_word' id='word_1_104' title='bbox 516 2287 653 2364; x_wconf 89' lang='lat' dir='ltr'><strong>coeptus</strong></span> <span class='ocrx_word' id='word_1_105' title='bbox 677 2266 781 2366; x_wconf 87' lang='lat' dir='ltr'><strong>ignis,</strong></span> <span class='ocrx_word' id='word_1_106' title='bbox 810 2273 844 2340; x_wconf 72' lang='grc' dir='ltr'><strong>δι</strong></span> <span class='ocrx_word' id='word_1_107' title='bbox 873 2266 987 2340; x_wconf 88' lang='lat' dir='ltr'><strong>statim</strong></span> <span class='ocrx_word' id='word_1_108' title='bbox 1007 2265 1159 2357; x_wconf 86' lang='lat' dir='ltr'><strong>validus,</strong></span> <span class='ocrx_word' id='word_1_109' title='bbox 1185 2293 1232 2342; x_wconf 87' lang='lat' dir='ltr'><strong>ac.</strong></span> 
     </span>
     <span class='ocr_line' id='line_1_17' title="bbox 244 2387 1231 2487; baseline -0.002 -24"><span class='ocrx_word' id='word_1_110' title='bbox 244 2410 352 2464; x_wconf 87' lang='lat' dir='ltr'><strong>vento</strong></span> <span class='ocrx_word' id='word_1_111' title='bbox 368 2388 473 2478; x_wconf 90' lang='lat' dir='ltr'><strong>citus,</strong></span> <span class='ocrx_word' id='word_1_112' title='bbox 492 2388 749 2487; x_wconf 84' lang='lat' dir='ltr'><strong>longitudinem</strong></span> <span class='ocrx_word' id='word_1_113' title='bbox 760 2387 855 2462; x_wconf 89' lang='lat' dir='ltr'><strong>Circi</strong></span> <span class='ocrx_word' id='word_1_114' title='bbox 872 2387 1050 2486; x_wconf 89' lang='lat' dir='ltr'><strong>corripuit.</strong></span> <span class='ocrx_word' id='word_1_115' title='bbox 1100 2390 1231 2486; x_wconf 86' lang='lat' dir='ltr'><strong>Neque</strong></span> 
     </span>
     <span class='ocr_line' id='line_1_18' title="bbox 246 2508 1230 2607; baseline -0.001 -24"><span class='ocrx_word' id='word_1_116' title='bbox 246 2509 342 2584; x_wconf 85' lang='lat' dir='ltr'><strong>enim</strong></span> <span class='ocrx_word' id='word_1_117' title='bbox 359 2510 488 2584; x_wconf 85' lang='lat' dir='ltr'><strong>domus</strong></span> <span class='ocrx_word' id='word_1_118' title='bbox 507 2508 734 2586; x_wconf 89' lang='lat' dir='ltr'><strong>munimentis</strong></span> <span class='ocrx_word' id='word_1_119' title='bbox 756 2509 872 2607; x_wconf 79' lang='lat' dir='ltr'><strong>septae,</strong></span> <span class='ocrx_word' id='word_1_120' title='bbox 896 2511 954 2582; x_wconf 89' lang='lat' dir='ltr'><strong>vel</strong></span> <span class='ocrx_word' id='word_1_121' title='bbox 970 2511 1101 2607; x_wconf 89' lang='lat' dir='ltr'><strong>templa</strong></span> <span class='ocrx_word' id='word_1_122' title='bbox 1120 2509 1230 2583; x_wconf 88' lang='lat' dir='ltr'><strong>muris</strong></span> 
     </span>
     <span class='ocr_line' id='line_1_19' title="bbox 243 2628 1229 2730; baseline -0.001 -24"><span class='ocrx_word' id='word_1_123' title='bbox 243 2632 371 2724; x_wconf 68' lang='lat' dir='ltr'><strong>cincla,</strong></span> <span class='ocrx_word' id='word_1_124' title='bbox 411 2650 470 2706; x_wconf 87' lang='lat' dir='ltr'><strong>aut</strong></span> <span class='ocrx_word' id='word_1_125' title='bbox 499 2631 585 2730; x_wconf 93' lang='lat' dir='ltr'><strong>quid</strong></span> <span class='ocrx_word' id='word_1_126' title='bbox 608 2631 704 2705; x_wconf 88' lang='lat' dir='ltr'><strong>aliud</strong></span> <span class='ocrx_word' id='word_1_127' title='bbox 728 2657 835 2706; x_wconf 82' lang='lat' dir='ltr'><strong>morae</strong></span> <span class='ocrx_word' id='word_1_128' title='bbox 860 2628 1094 2729; x_wconf 86' lang='lat' dir='ltr'><strong>interjacebat.</strong></span> <span class='ocrx_word' id='word_1_129' title='bbox 1156 2633 1229 2705; x_wconf 92' lang='lat' dir='ltr'><strong>Im-</strong></span> 
     </span>
    </p>

    <p class='ocr_par' dir='ltr' id='par_1_5' title="bbox 165 2752 1289 3946">
     <span class='ocr_line' id='line_1_20' title="bbox 165 2752 1266 2852; baseline -0.007 -24"><span class='ocrx_word' id='word_1_130' title='bbox 165 2819 169 2828; x_wconf 94' lang='lat'><em>.</em></span> <span class='ocrx_word' id='word_1_131' title='bbox 241 2773 325 2851; x_wconf 88' lang='lat' dir='ltr'><strong>petu</strong></span> <span class='ocrx_word' id='word_1_132' title='bbox 342 2773 570 2852; x_wconf 84' lang='lat' dir='ltr'><strong>pervagatum</strong></span> <span class='ocrx_word' id='word_1_133' title='bbox 592 2753 809 2844; x_wconf 86' lang='lat' dir='ltr'><strong>incendium,</strong></span> <span class='ocrx_word' id='word_1_134' title='bbox 840 2753 942 2852; x_wconf 88' lang='lat' dir='ltr'><strong>plana</strong></span> <span class='ocrx_word' id='word_1_135' title='bbox 969 2752 1136 2850; x_wconf 80' lang='lat' dir='ltr'><strong>primbm,</strong></span> <span class='ocrx_word' id='word_1_136' title='bbox 1164 2753 1226 2828; x_wconf 82' lang='lat' dir='ltr'><strong>de·</strong></span> <span class='ocrx_word' id='word_1_137' title='bbox 1264 2809 1266 2820; x_wconf 80' lang='grc'>,</span> 
     </span>
     <span class='ocr_line' id='line_1_21' title="bbox 235 2855 1228 2980; baseline -0.001 -33"><span class='ocrx_word' id='word_1_138' title='bbox 235 2873 325 2948; x_wconf 64' lang='lat' dir='ltr'><strong>inde</strong></span> <span class='ocrx_word' id='word_1_139' title='bbox 348 2855 384 2952; x_wconf 92' lang='lat' dir='ltr'><strong>in</strong></span> <span class='ocrx_word' id='word_1_140' title='bbox 402 2875 495 2952; x_wconf 91' lang='lat' dir='ltr'><strong>edita</strong></span> <span class='ocrx_word' id='word_1_141' title='bbox 511 2873 712 2973; x_wconf 84' lang='lat' dir='ltr'><strong>adsurgens,</strong></span> <span class='ocrx_word' id='word_1_142' title='bbox 748 2878 790 2952; x_wconf 75' lang='lat' dir='ltr'><strong>bc</strong></span> <span class='ocrx_word' id='word_1_143' title='bbox 808 2872 918 2947; x_wconf 88' lang='lat' dir='ltr'><strong>rursus</strong></span> <span class='ocrx_word' id='word_1_144' title='bbox 935 2870 1094 2948; x_wconf 90' lang='lat' dir='ltr'><strong>inferiora</strong></span> <span class='ocrx_word' id='word_1_145' title='bbox 1112 2899 1228 2980; x_wconf 65' lang='lat' dir='ltr'><strong>popu7</strong></span> 
     </span>
     <span class='ocr_line' id='line_1_22' title="bbox 241 2994 1229 3085; baseline -0.002 -15"><span class='ocrx_word' id='word_1_146' title='bbox 241 2995 349 3070; x_wconf 86' lang='lat' dir='ltr'><strong>lando</strong></span> <span class='ocrx_word' id='word_1_147' title='bbox 373 2995 491 3070; x_wconf 88' lang='lat' dir='ltr'><strong>anteiit</strong></span> <span class='ocrx_word' id='word_1_148' title='bbox 516 2994 671 3068; x_wconf 88' lang='lat' dir='ltr'><strong>remedia</strong></span> <span class='ocrx_word' id='word_1_149' title='bbox 693 2994 875 3068; x_wconf 85' lang='lat' dir='ltr'><strong>velocitate</strong></span> <span class='ocrx_word' id='word_1_150' title='bbox 901 2995 998 3085; x_wconf 87' lang='lat' dir='ltr'><strong>mali,</strong></span> <span class='ocrx_word' id='word_1_151' title='bbox 1018 2999 1052 3068; x_wconf 66' lang='grc' dir='ltr'><strong>ἃ</strong></span> <span class='ocrx_word' id='word_1_152' title='bbox 1070 2994 1229 3069; x_wconf 70' lang='lat' dir='ltr'><strong>obnoxii</strong></span> 
     </span>
     <span class='ocr_line' id='line_1_23' title="bbox 243 3093 1245 3214; baseline 0.003 -25"><span class='ocrx_word' id='word_1_153' title='bbox 243 3117 348 3189; x_wconf 92' lang='lat' dir='ltr'><strong>Urbe</strong></span> <span class='ocrx_word' id='word_1_154' title='bbox 360 3113 461 3188; x_wconf 78' lang='lat' dir='ltr'><strong>aretis</strong></span> <span class='ocrx_word' id='word_1_155' title='bbox 473 3114 664 3206; x_wconf 89' lang='lat' dir='ltr'><strong>itineribus,</strong></span> <span class='ocrx_word' id='word_1_156' title='bbox 683 3115 824 3214; x_wconf 81' lang='lat' dir='ltr'><strong>hucque</strong></span> <span class='ocrx_word' id='word_1_157' title='bbox 842 3115 971 3190; x_wconf 87' lang='lat' dir='ltr'><strong>&amp;illuc</strong></span> <span class='ocrx_word' id='word_1_158' title='bbox 989 3115 1105 3208; x_wconf 87' lang='lat' dir='ltr'><strong>flexis,</strong></span> <span class='ocrx_word' id='word_1_159' title='bbox 1123 3093 1245 3214; x_wconf 82' lang='lat' dir='ltr'><strong>atque¹</strong></span> 
     </span>
     <span class='ocr_line' id='line_1_24' title="bbox 243 3235 1228 3335; baseline 0 -23"><span class='ocrx_word' id='word_1_160' title='bbox 243 3236 447 3312; x_wconf 88' lang='lat' dir='ltr'><strong>enormibus</strong></span> <span class='ocrx_word' id='word_1_161' title='bbox 476 3235 576 3327; x_wconf 91' lang='lat' dir='ltr'><strong>vicis,</strong></span> <span class='ocrx_word' id='word_1_162' title='bbox 616 3236 728 3335; x_wconf 87' lang='lat' dir='ltr'><strong>qualis</strong></span> <span class='ocrx_word' id='word_1_163' title='bbox 760 3258 859 3310; x_wconf 84' lang='lat' dir='ltr'><strong>vetus</strong></span> <span class='ocrx_word' id='word_1_164' title='bbox 880 3241 1000 3312; x_wconf 90' lang='lat' dir='ltr'><strong>Roma</strong></span> <span class='ocrx_word' id='word_1_165' title='bbox 1023 3235 1099 3312; x_wconf 86' lang='lat' dir='ltr'><strong>fuit.</strong></span> <span class='ocrx_word' id='word_1_166' title='bbox 1136 3296 1140 3313; x_wconf 81' lang='grc'><strong>.</strong></span> <span class='ocrx_word' id='word_1_167' title='bbox 1166 3238 1228 3312; x_wconf 94' lang='lat' dir='ltr'><strong>Ad</strong></span> 
     </span>
     <span class='ocr_line' id='line_1_25' title="bbox 241 3357 1289 3455; baseline 0.001 -22"><span class='ocrx_word' id='word_1_168' title='bbox 241 3361 311 3434; x_wconf 90' lang='lat' dir='ltr'><strong>hoc</strong></span> <span class='ocrx_word' id='word_1_169' title='bbox 329 3360 480 3432; x_wconf 86' lang='lat' dir='ltr'><strong>lamenta</strong></span> <span class='ocrx_word' id='word_1_170' title='bbox 505 3358 709 3455; x_wconf 90' lang='lat' dir='ltr'><strong>paventium</strong></span> <span class='ocrx_word' id='word_1_171' title='bbox 741 3357 964 3449; x_wconf 89' lang='lat' dir='ltr'><strong>seminarum,</strong></span> <span class='ocrx_word' id='word_1_172' title='bbox 995 3358 1081 3442; x_wconf 80' lang='lat' dir='ltr'><strong>¹sessa</strong></span> <span class='ocrx_word' id='word_1_173' title='bbox 1107 3357 1230 3440; x_wconf 87' lang='lat' dir='ltr'><strong>senum</strong></span> <span class='ocrx_word' id='word_1_174' title='bbox 1287 3361 1289 3366; x_wconf 80' lang='grc'><strong>’</strong></span> 
     </span>
     <span class='ocr_line' id='line_1_26' title="bbox 243 3479 1229 3580; baseline 0.001 -26"><span class='ocrx_word' id='word_1_175' title='bbox 243 3499 304 3554; x_wconf 89' lang='lat' dir='ltr'><strong>aut</strong></span> <span class='ocrx_word' id='word_1_176' title='bbox 325 3479 600 3577; x_wconf 73' lang='lat' dir='ltr'><strong>rudiapueritiae</strong></span> <span class='ocrx_word' id='word_1_177' title='bbox 625 3479 721 3572; x_wconf 70' lang='lat' dir='ltr'><strong>atas,</strong></span> <span class='ocrx_word' id='word_1_178' title='bbox 742 3481 873 3579; x_wconf 88' lang='lat' dir='ltr'><strong>quique</strong></span> <span class='ocrx_word' id='word_1_179' title='bbox 899 3481 973 3573; x_wconf 83' lang='lat' dir='ltr'><strong>fibi,</strong></span> <span class='ocrx_word' id='word_1_180' title='bbox 997 3481 1130 3580; x_wconf 92' lang='lat' dir='ltr'><strong>quique</strong></span> <span class='ocrx_word' id='word_1_181' title='bbox 1153 3481 1229 3556; x_wconf 90' lang='lat' dir='ltr'><strong>aliis</strong></span> 
     </span>
     <span class='ocr_line' id='line_1_27' title="bbox 242 3599 1228 3702; baseline 0.001 -27"><span class='ocrx_word' id='word_1_182' title='bbox 242 3599 483 3691; x_wconf 87' lang='lat' dir='ltr'><strong>consulebant,</strong></span> <span class='ocrx_word' id='word_1_183' title='bbox 509 3601 598 3674; x_wconf 95' lang='lat' dir='ltr'><strong>dum</strong></span> <span class='ocrx_word' id='word_1_184' title='bbox 623 3602 763 3674; x_wconf 90' lang='lat' dir='ltr'><strong>trahunt</strong></span> <span class='ocrx_word' id='word_1_185' title='bbox 790 3601 977 3693; x_wconf 90' lang='lat' dir='ltr'><strong>invalidos,</strong></span> <span class='ocrx_word' id='word_1_186' title='bbox 1003 3623 1061 3676; x_wconf 93' lang='lat' dir='ltr'><strong>aut</strong></span> <span class='ocrx_word' id='word_1_187' title='bbox 1088 3605 1228 3702; x_wconf 86' lang='lat' dir='ltr'><strong>opperi-</strong></span> 
     </span>
     <span class='ocr_line' id='line_1_28' title="bbox 244 3721 1270 3820; baseline 0 -24"><span class='ocrx_word' id='word_1_188' title='bbox 244 3743 363 3813; x_wconf 88' lang='lat' dir='ltr'><strong>untur,</strong></span> <span class='ocrx_word' id='word_1_189' title='bbox 391 3747 468 3820; x_wconf 90' lang='lat' dir='ltr'><strong>pars</strong></span> <span class='ocrx_word' id='word_1_190' title='bbox 491 3747 644 3812; x_wconf 86' lang='lat' dir='ltr'><strong>morans,</strong></span> <span class='ocrx_word' id='word_1_191' title='bbox 672 3747 750 3819; x_wconf 90' lang='lat' dir='ltr'><strong>pars</strong></span> <span class='ocrx_word' id='word_1_192' title='bbox 770 3721 948 3813; x_wconf 87' lang='lat' dir='ltr'><strong>festinans,</strong></span> <span class='ocrx_word' id='word_1_193' title='bbox 974 3726 1099 3799; x_wconf 70' lang='lat' dir='ltr'><strong>cundia</strong></span> <span class='ocrx_word' id='word_1_194' title='bbox 1114 3724 1227 3820; x_wconf 87' lang='lat' dir='ltr'><strong>impe·</strong></span> <span class='ocrx_word' id='word_1_195' title='bbox 1264 3741 1270 3748; x_wconf 88' lang='lat'>&#39;</span> 
     </span>
     <span class='ocr_line' id='line_1_29' title="bbox 241 3835 1225 3946; baseline 0 -26"><span class='ocrx_word' id='word_1_196' title='bbox 241 3835 391 3922; x_wconf 79' lang='lat' dir='ltr'><strong>diebant</strong></span> <span class='ocrx_word' id='word_1_197' title='bbox 401 3872 410 3917; x_wconf 75' lang='grc' dir='ltr'><strong><em>ε</em></strong></span> <span class='ocrx_word' id='word_1_198' title='bbox 433 3841 581 3944; x_wconf 58' lang='lat' dir='ltr'><strong>&amp;sapa</strong></span> <span class='ocrx_word' id='word_1_199' title='bbox 601 3843 690 3918; x_wconf 88' lang='lat' dir='ltr'><strong>dum</strong></span> <span class='ocrx_word' id='word_1_200' title='bbox 707 3842 744 3914; x_wconf 93' lang='lat' dir='ltr'><strong>in</strong></span> <span class='ocrx_word' id='word_1_201' title='bbox 759 3863 902 3942; x_wconf 85' lang='lat' dir='ltr'><strong>tergum</strong></span> <span class='ocrx_word' id='word_1_202' title='bbox 918 3841 1120 3946; x_wconf 68' lang='lat' dir='ltr'><strong>respeclant,</strong></span> <span class='ocrx_word' id='word_1_203' title='bbox 1141 3845 1225 3920; x_wconf 87' lang='lat' dir='ltr'><strong>late·</strong></span> 
     </span>
    </p>
   </div>
   <div class='ocr_carea' id='block_1_3' title="bbox 717 3964 797 4061">
    <p class='ocr_par' dir='ltr' id='par_1_6' title="bbox 717 3964 797 4061">
     <span class='ocr_line' id='line_1_30' title="bbox 717 3964 797 4061; baseline 0 0"><span class='ocrx_word' id='word_1_204' title='bbox 717 3964 797 4061; x_wconf 75' lang='lat'><strong>1³4</strong></span> 
     </span>
    </p>
   </div>
   <div class='ocr_carea' id='block_1_4' title="bbox 0 0 1564 4860">
    <p class='ocr_par' dir='ltr' id='par_1_7' title="bbox 0 0 1564 4860">
     <span class='ocr_line' id='line_1_31' title="bbox 0 0 1564 4860; baseline 0 0"><span class='ocrx_word' id='word_1_205' title='bbox 0 0 1564 4860; x_wconf 95' lang='lat' dir='ltr'><strong> </strong></span> 
     </span>
    </p>
   </div>
  </div>
 </body>
</html>
