3126 4864
444 403 747 478 huun'rrunr
779 401 1015 480 Lrn'XIIl.
1166 415 1267 512 129·

262 571 341 672 lim,
367 579 456 654 facta
480 581 781 680 inter'utrumque
798 580 897 672 fosse,
915 583 1119 657 connestere
1135 611 1234 682 para·

262 702 336 791 bat,
365 723 405 774 ut
422 702 533 800 copiae
550 729 610 801 per
620 709 734 790 mare,
750 695 846 792 „dein
864 706 1041 778 Rhodano
1067 710 1100 777 δε
1128 710 1237 780 Arare

261 821 445 914 subveslae,
478 849 538 921 per
566 849 644 896 eam
672 818 809 916 fossam,
840 849 926 897 mox
943 825 1053 898 fluvio
1072 825 1234 916 Mosellal,

260 941 296 1014 in
319 945 501 1033 Rhenum,
531 943 613 1014 exiri
641 941 823 1015 Oceanum
851 944 1089 1031 decurrerent3
1119 944 1256 1020 subla.

260 1061 370 1160 risque
386 1063 547 1136 itinerum
564 1062 838 1153 difficultatibus,
856 1065 1065 1162 navigabilia
1088 1063 1176 1140 inter
1201 1066 1236 1139 se
1263 1159 1265 1166 .

183 1221 186 1234 ·
260 1183 462 1256 Occidentis
484 1182 815 1280 ¹Septemtrionisque
842 1184 942 1256 litora
965 1186 1110 1258 ¹fierent.
1175 1189 1233 1260 In·

261 1303 352 1374 vidit
378 1303 474 1399 operi
502 1302 616 1376 AElius
644 1305 805 1393 Gracilis,
828 1305 975 1401 Belgicae
994 1306 1142 1400 legatus,
1171 1308 1232 1380 de·

262 1425 423 1496 terrendo
451 1427 624 1513 Veterem,
657 1432 684 1466 “
702 1451 746 1496 ne
773 1425 928 1522 legiones
956 1423 1075 1498 alienae
1095 1427 1234 1522 provin-

263 1551 292 1585 “
312 1543 372 1616 ciae
399 1543 550 1632 inferret,
586 1545 766 1642 studiaque
799 1546 991 1618 Galliarum
1021 1543 1232 1618 adsederet:

261 1662 571 1737 “formidolosum
603 1665 639 1736 id
668 1665 898 1762 Imperatori''
935 1665 1119 1752 diditan33
1162 1691 1235 1764 quo

259 1771 464 1883 plerumque
491 1784 716 1880 prohibentur
740 1807 883 1868 conatus
909 1785 1053 1860 honesti.

313 1907 410 1978 LIV.
447 1906 644 1978 Caranum
688 1905 856 1978 continuo
897 1905 1115 1980 exercituum
1144 1908 1231 1999 oti0‚

254 2023 351 2098 'sama
368 2025 508 2108 incessit,
537 2044 694 2121 ereptum
707 2022 766 2119 jur
783 2024 905 2120 legatis
922 2026 1074 2097 ducendi
1097 2027 1133 2099 in
1155 2028 1233 2101 hos-

259 2165 342 2219 tem.
395 2146 520 2242 quue
542 2143 639 2216 Frisri
658 2125 880 2238 juventutem
896 2139 1035 2214 saltibus
1053 2166 1110 2215 aut
1135 2150 1247 2242 palu-⁸

258 2267 375 2356 dibus,
394 2265 575 2337 imbellem
591 2282 727 2334 aetatem
745 2287 806 2358 per
823 2263 916 2334 lacus
933 2263 1120 2336 admovere
1136 2266 1232 2362 ripae,

259 2377 432 2483 agrosque
458 2385 601 2471 vacuos,
630 2385 664 2454 δι
693 2381 844 2454 militum
860 2379 934 2454 usui
950 2379 1122 2478 sepositos,
1149 2383 1235 2458 inse·
1293 2372 1294 2375 Ἴ

260 2507 359 2595 dere,
377 2506 516 2577 auctore
532 2501 723 2588 Verrito&
752 2501 942 2599 Malorige,
968 2501 1030 2599 qui
1060 2504 1235 2580 nationem

260 2650 338 2698 eam
366 2626 546 2722 regebant,
569 2622 605 2694 in
633 2641 803 2719 quantum
837 2613 1005 2694 Germani
1034 2648 1234 2722 regnantur.

259 2749 410 2843 Jamque
427 2746 574 2817 fixerant
590 2744 729 2834 domos,
755 2741 885 2816 semina
912 2743 1002 2815 arvis
1030 2743 1232 2838 intulerant,

260 2885 368 2962 utque
395 2863 545 2961 patrium
573 2861 687 2937 solum
718 2865 948 2948 exercebant;
983 2864 1065 2937 citm
1107 2867 1234 2942 Vibius

261 2985 401 3074 Avitus,
432 2985 570 3081 acceptd
595 3009 615 3056 a
643 2982 802 3072 Paullino
820 2982 1011 3079 provincid,
1029 2984 1235 3062 ¹minitando

261 3105 382 3178 “vim
407 3109 621 3194 Romanam,
651 3103 713 3176 nisr
740 3101 959 3216 abscederent
975 3105 1073 3179 Frisii
1102 3125 1234 3180 veteres
1340 3087 1343 3098 ¹

223 3247 224 3254 ’
262 3225 343 3298 “in
370 3226 478 3315 locos,
503 3244 563 3298 aut
587 3249 717 3297 novam
733 3222 849 3297 sedem
869 3251 889 3298 a
912 3207 1043 3299 Caesare
1067 3225 1234 3323 impetra·

229 3338 231 3341 ’
261 3354 289 3391 “
309 3348 423 3436 rent,’'
452 3344 601 3442 perpulit
618 3345 795 3418 Verritum
825 3350 858 3418 bc
883 3343 1099 3444 Malorigem
1117 3371 1235 3443 preces

258 3466 432 3565 suscipere.
483 3464 701 3562 Profestique
729 3469 899 3555 Romam,
930 3466 1018 3538 dum
1046 3464 1119 3572 aliis
1145 3464 1235 3552 curis

259 3587 432 3662 intentum
465 3588 656 3661 Neronem
678 3584 917 3682 opperiuntur,
947 3585 1036 3658 inter
1063 3610 1116 3674 ea,
1156 3607 1234 3681 quae

260 3707 409 3782 barbaris
426 3707 653 3794 ostentantur,
682 3704 854 3776 intravere
869 3704 1029 3800 Pompeii
1047 3705 1233 3791 theatrum,

261 3835 334 3926 quo
350 3827 631 3927 magnitudinem
648 3823 768 3922 populi
781 3821 938 3896 viserent.
989 3823 1065 3897 Illic
1089 3847 1150 3920 per
1166 3821 1230 3900 otl-

769 3945 802 4016 Κ
957 3943 959 3948 ,
