3126 4864
352 377 419 426 rra
539 337 1131 426 C.Conuaa1‘1Tnc1r1

344 547 493 621 puaeque
507 547 590 620 opes
607 523 708 596 bonis
732 523 874 614 artibus,
899 521 1063 598 inoffensa
1085 541 1138 598 tot
1163 525 1321 623 Impera·

345 663 459 715 torum
478 643 610 716 malitia
628 643 703 716 suit.
969 651 973 656 ’

391 762 532 836 XXXI.
559 757 731 838 Nanoua
751 765 958 856 secundum,
986 767 1031 840 L.
1049 764 1173 838 Pisone
1197 763 1319 838 consu·

342 884 449 973 libus,
482 909 593 982 pauca
623 886 794 990 memoria
824 884 930 985 dig'na
960 887 1126 959 evenere:
1168 883 1228 958 nisi
1263 885 1320 960 cui

338 1003 462 1096 libeat,
497 1006 681 1078 laudandis
714 1005 949 1080 fundamentis
979 1011 1011 1078 &
1036 1005 1203 1095 trabibus,
1239 1007 1319 1104 qula

343 1126 475 1198 molem
497 1123 741 1224 amphitheatri
769 1128 863 1225 apud
880 1153 1046 1225 campum
1063 1126 1189 1200 Martis
1206 1124 1321 1199 Caesar

341 1245 568 1352 exstruxerat,
587 1247 767 1322 volumina
784 1247 953 1346 implere:
986 1249 1068 1322 clun
1087 1271 1132 1320 ex
1152 1245 1318 1344 dignitate
1353 1249 1357 1264 '

342 1355 464 1465 populi
487 1369 642 1448 Romani
668 1390 838 1466 repertum
867 1372 918 1458 stt,
949 1393 1002 1442 res
1030 1367 1189 1441 inlustres
1213 1367 1318 1438 arina-

340 1489 444 1578 libus,
458 1489 539 1562 talia
554 1489 685 1562 diurnis
703 1489 811 1562 Urbis
827 1487 910 1562 aclis
928 1489 1103 1560 mandare.
1153 1486 1320 1559 Ceterum

342 1607 492 1682 coloniae
520 1609 640 1704 Capua
663 1627 771 1705 ,atque
796 1607 960 1697 Nuceria,
988 1605 1112 1680 additis
1134 1606 1320 1701 veteranis,

340 1729 486 1802 firmatae
503 1725 600 1799 sunt':
633 1727 816 1824 plebeique
835 1726 1051 1824 congiarium
1082 1725 1319 1824 quadringeni

340 1846 478 1921 nummi
495 1845 626 1922 viritim
647 1845 733 1936 dati,
753 1852 800 1926 ,a
824 1845 1012 1920 sestertium
1034 1845 1319 1945 quadringenties

341 1966 460 2041 aerario
488 1966 635 2044 inlatum
654 1967 701 2041 est
726 1968 771 2040 ad
798 1967 1013 2042 retinendam
1042 1964 1164 2064 populi
1197 1967 1317 2042 fidem.

341 2087 500 2186 Vectigal
535 2114 676 2187 quoque
709 2088 840 2190 quintae
880 2091 914 2161 δι
944 2087 1112 2162 vicefimae
1142 2085 1320 2160 venalium

342 2209 595 2307 mancipiorum
625 2209 815 2299 remissum,
841 2205 954 2307 specie
983 2208 1092 2308 magis
1121 2207 1229 2306 quam
1254 2233 1315 2280 re:

341 2331 424 2430 quia
452 2332 535 2406 cum
553 2329 714 2402 venditor
731 2332 882 2424 pendere
903 2327 1097 2426 juberetur,
1131 2329 1167 2402 in
1185 2347 1318 2426 partem

341 2452 438 2550 pretii
454 2447 669 2546 emptoribus
686 2447 911 2522 adcrescebat.
956 2449 1079 2522 Edixit
1091 2447 1216 2540 Caesar,
1233 2457 1319 2522 “ne

272 2611 275 2619 ,
343 2570 467 2668 “quis
494 2566 723 2664 magistratus,
745 2587 804 2639 aut
833 2589 1049 2664 procurator,
1081 2570 1143 2666 qui
1175 2571 1317 2670 provin-

344 2691 480 2763 “ciam
509 2686 696 2778 obtineret,
722 2686 958 2788 spectaculum
983 2687 1229 2787 gladiatorum,
1257 2709 1318 2764 aut

238 2811 240 2822 '
343 2820 372 2854 “
389 2811 551 2898 ferarum,
594 2829 654 2882 aut
691 2809 787 2908 quod
821 2809 915 2884 aliud
956 2809 1131 2898 ludicrum
1165 2812 1316 2884 ederet.”

339 2935 438 3010 Nam
455 2930 533 3003 ante
551 2957 622 3004 non
641 2931 756 3004 minias
780 2931 839 3026 tali
863 2930 1057 3030 largitione,
1084 2931 1193 3030 quam
1210 2931 1318 3006 corri-

340 3051 477 3151 piendis
495 3051 662 3150 pecuniis,
686 3050 854 3150 subjeslos
869 3051 1082 3152 adfligebant
1097 3081 1107 3139 ;
1133 3055 1220 3134 dum
1239 3079 1317 3152 quae

341 3172 487 3248 libidine
503 3173 734 3272 deliquerant,
760 3173 895 3247 ambitu
911 3194 1147 3274 prqpugnant.

388 3297 546 3368 XXXll.
577 3298 748 3368 Factum
779 3293 1163 3374 &senatusconsultum
1190 3294 1315 3374 ultioni

334 3415 436 3514 juxta
463 3418 496 3488 dt
513 3413 694 3504 securitati,
725 3423 752 3457 “
770 3419 846 3488 utfi
867 3415 944 3513 quis
968 3443 987 3488 a
1003 3416 1069 3490 suis
1092 3415 1193 3494 servis
1209 3415 1314 3488 inter,

342 3545 369 3579 ‘⁶
388 3536 495 3610 sedus
513 3537 606 3626 esset,
620 3534 644 3608 ii
658 3561 813 3634 quoque,
829 3536 890 3634 qui
905 3537 1107 3614 testamento
1119 3535 1317 3613 manumiffi

341 3663 370 3700 “
388 3655 450 3730 sub
471 3658 596 3731 eodem
613 3659 705 3730 tecto
720 3661 928 3747 mansissent,
946 3657 1033 3730 inter
1048 3655 1162 3728 servos
1184 3654 1313 3753 suppli,

342 3779 440 3859 “'cia
473 3779 699 3878 penderent.'’
754 3777 930 3858 Redditur
954 3776 1067 3853 ordini
1089 3775 1218 3862 Lurius
1244 3779 1312 3856 Va.
