3120 4860
340 331 432 463 194,
545 362 1131 440 GeonnnsuTncm
1251 367 1255 371 ’

340 539 446 640 gella,
483 536 611 610 “nihil
639 538 741 615 caedis
771 558 831 612 aut
861 542 1002 637 praedae,
1040 536 1219 637 usurpatas
1253 565 1323 614 no-

340 657 480 732 “mine
509 667 609 734 te'nus
635 659 778 734 urbium
811 659 1110 760 expugnationes''
1145 661 1322 736 distitans.

256 870 265 880 .
338 787 366 822 “
384 780 426 852 Se
443 780 576 855 tributa
593 809 632 856 ac
650 757 759 880 leges,
790 787 839 872 &,
868 807 933 880 pro
957 785 1083 856 umbris
1110 781 1216 882 regis,
1243 786 1321 890 Ro·

338 903 532 975 “manum
550 899 609 1002 jus
635 903 736 976 vittis
761 903 1038 1002 imposrturum.’'

384 1025 471 1126 Vll„
490 1025 565 1096 Sus
598 1050 701 1100 mant
728 1044 868 1124 tempus
886 1025 991 1124 legati
1008 1026 1202 1124 Vologefis,
1231 1050 1320 1124 quos

335 1145 377 1218 ad
406 1143 607 1244 Principem
624 1146 741 1220 missos
767 1147 975 1238 memoravi,
1002 1149 1171 1220 revertsre
1204 1146 1318 1219 irritis

336 1268 543 1366 bellumque
577 1271 758 1366 propalam
787 1269 967 1368 sumptum
1000 1297 1021 1342 a
1053 1267 1211 1350 Parthis:
1255 1292 1319 1341 nec

336 1391 453 1464 Paetus
470 1389 689 1482 detreslavit,
709 1389 766 1463 sed
784 1391 922 1464 duabus
940 1391 1150 1488 legionibus,
1172 1415 1322 1488 quarum

336 1533 497 1608 quartam
514 1510 742 1584 Funisulanus
759 1511 987 1584 Vettonianus
1005 1537 1047 1582 eo
1078 1510 1115 1582 in
1145 1515 1336 1606 tempore,

335 1630 586 1704 duodecimam
614 1629 777 1706 Calavius
806 1629 953 1704 Sabinus
981 1631 1162 1728 regebant,
1192 1634 1324 1702 Arme·

335 1749 432 1822 niam
462 1749 577 1838 intrat,
611 1747 699 1822 tristi
729 1747 860 1822 omine.
910 1751 1008 1822 Nam
1042 1748 1078 1820 in
1114 1747 1322 1846 transgressu

336 1867 539 1968 Euphratis,
575 1895 683 1968 quern
702 1867 813 1966 ponte'
839 1868 1104 1960 transmittebat,
1132 1870 1229 1942 nulli
1256 1897 1321 1970 pa·
1375 1871 1377 1876 ’

335 1992 409 2062 lam
444 1992 561 2080 causi,
597 1992 754 2062 turbatus
788 2015 912 2088 equus,
944 1989 1007 2087 qui
1047 1984 1236 2064 consularia
1264 1991 1321 2066 in-

335 2110 445 2210 signia
478 2111 648 2209 gestabat,
686 2129 777 2184 retro
817 2115 934 2222 evasit.
997 2110 1210 2209 Hostiaque,
1241 2137 1322 2211 quae

334 2231 601 2335 muniebantur,
643 2231 875 2305 hibernaculis
916 2232 1089 2326 adsistens,
1145 2231 1322 2310 semifaeta

336 2379 443 2454 opera
470 2352 554 2452 fugi
573 2352 739 2450 perrupit,
769 2350 873 2452 seque
889 2353 1154 2428 valloextulit:
1187 2357 1220 2428 &
1250 2355 1322 2452 pila

232 2559 237 2566 ,
336 2473 491 2548 militum
513 2473 636 2562 arsere,
660 2472 772 2572 magis
789 2474 915 2574 infigni
932 2475 1110 2574 prodigio,
1128 2475 1211 2574 quia
1235 2478 1320 2552 Par,

335 2599 417 2673 thus
434 2593 542 2668 hostis
559 2592 738 2668 missilibus
755 2595 832 2668 telis
848 2591 1013 2671 decertat.
1058 2622 1062 2630 ’

385 2719 485 2790 VllI.
508 2717 710 2820 ,Catonum
727 2719 859 2808 Paetus,
889 2716 1009 2816 spretis
1026 2716 1216 2806 ominibus,
1234 2743 1321 2792 nec-

335 2841 433 2914 dum'
453 2836 530 2912 satis
563 2837 708 2912 firmatis
742 2837 990 2930 hibernaculis,
1029 2839 1126 2914 nullo
1161 2838 1211 2912 rei
1245 2837 1333 2916 stu-¹

335 2953 514 3056 mentariae'
530 2957 684 3057 provisu,
707 2959 797 3058 rapit
813 2959 1008 3036 exercitum
1036 2980 1127 3036 trans
1160 2982 1320 3036 montem

216 3118 218 3129 ·
335 3083 510 3170 Taurum,
550 3081 868 3180 “treciperandisss'
892 3102 932 3156 ut
954 3081 1100 3174 serebat,
1144 3091 1173 3126 “
1189 3084 1318 3182 Tigra·
1383 3095 1388 3118 ⁸

337 3210 364 3245 “
383 3203 544 3292 nocertis‚
562 3201 801 3301 vastandisque
820 3201 1037 3302 regionibus,
1059 3231 1145 3304 quas
1159 3205 1318 3280 Corbulo

337 3331 364 3367 “
382 3323 535 3423 integras
551 3323 748 3400 omisrffet.’¹
800 3327 846 3398 Et
864 3346 965 3423 capta
981 3317 1146 3424 quadam
1170 3325 1318 3415 castella,

337 3443 583 3544 gloriaque&
601 3446 727 3544 praedae
745 3445 905 3520 nonnihil
923 3467 1075 3544 parturn,
1105 3451 1127 3520 sr
1154 3465 1213 3518 aut
1238 3446 1317 3542 glo-

333 3567 423 3640 riam
451 3593 533 3642 cum
556 3567 680 3656 modo,
715 3587 777 3642 aut
805 3569 962 3665 praedam
990 3595 1073 3642 cunr
1099 3569 1183 3642 curi
1205 3567 1318 3638 habu.

220 3703 224 3716 “
335 3687 422 3764 isset.
472 3685 698 3788 Longinquis
730 3687 911 3792 itineribus
944 3685 1189 3787 pelcursando‚
1235 3712 1317 3786 quae
1381 3745 1387 3756 ,

336 3809 485 3896 obtineri
500 3809 707 3915 nequibant,
725 3829 889 3914 corrupto
915 3809 980 3916 qui
992 3814 1200 3912 captus'erat
1213 3792 1319 3922 ¹eom:
