3076 4868
440 409 748 480 nnuman
782 407 892 480 L1n.
926 406 992 482 Xl.
1190 433 1232 508 19

174 571 179 584 '
231 578 336 681 'tutis
365 580 402 654 id
431 581 615 678 praemium
645 581 769 672 fuerat,
802 579 1002 680 cunstisque
1031 578 1178 671 citium,
1211 575 1235 654 fi

251 701 352 774 bonis
369 701 498 776 artibus
514 705 675 794 siderent,
699 681 835 777 licitum
859 722 973 801 petere
990 701 1209 800 magistratus
1223 729 1232 786 a
1293 685 1295 690 ⁵

249 844 291 894 ac
309 847 354 896 ne
371 844 451 896 atas
469 823 614 921 quidem
631 823 920 922 distinguebatur,
941 823 1026 922 quin
1052 821 1162 920 prims
1180 820 1236 918 ju-

249 946 357 1016 venta
372 945 588 1017 consulatum
606 971 647 1018 ac
665 945 848 1018 dictaturas
863 945 1000 1018 inirent.
1042 945 1109 1016 Sed
1127 935 1237 1040 quaes-
1306 983 1316 1020 .-

251 1084 359 1156 tores,
392 1069 533 1163 regibus
561 1066 667 1138 etiam
694 1079 771 1138 tum
795 1065 1059 1163 imperantibus
1093 1063 1244 1138 instituti

250 1183 352 1257 sunt:
380 1187 478 1283 quod
505 1186 564 1256 lex
582 1185 710 1258 curiata
733 1186 895 1276 ostendit,
918 1190 963 1260 ab
986 1190 1034 1260 L.
1056 1190 1162 1260 Bruto
1184 1211 1236 1258 re·

251 1305 371 1400 petita.
421 1307 623 1401 Mansrtque
648 1304 846 1379 consulibus
870 1307 1016 1403 potestas
1044 1306 1236 1405 deligendi,

253 1425 370 1496 donec
391 1435 471 1496 eum
495 1449 637 1522 quoque
658 1427 828 1498 honorem
853 1427 1006 1522 populus
1033 1428 1235 1498 mandaret:

252 1543 427 1641 creatique
444 1546 597 1642 primum
617 1545 774 1618 Valerius
799 1545 947 1636 Potitus,
974 1545 1141 1621 AEmilius
1157 1549 1240 1620 Ma-

212 1734 215 1736 .
251 1687 401 1756 rnercus,
431 1687 539 1740 Lx111
566 1691 658 1738 anno
680 1667 756 1764 post
780 1666 992 1765 Tarquinios
1016 1667 1171 1756 exastos,
1199 1682 1239 1740 ut

250 1801 325 1860 rem
358 1786 541 1860 militarem
571 1788 830 1862 comitarentur.
887 1787 981 1862 Dein
1013 1786 1237 1886 gliscentibus

249 1907 413 2004 negotiis,
440 1910 512 1982 duo
533 1908 657 1999 additi,
682 1909 744 2007 qui
772 1913 901 1982 Romae
924 1929 1092 1982 cura-rent.
1142 1911 1238 1982 Mox

249 2009 449 2124 duplicatus
471 2041 649 2118 numerus,
668 2028 886 2126 stipendiaris
897 2027 974 2126 jam
994 2028 1108 2116 Italis,
1128 2033 1162 2102 &
1180 2053 1238 2101 ac·

248 2143 454 2224 cedentibus
476 2149 737 2248 provinciarum
762 2147 1001 2246 vestigalibus.
1050 2146 1133 2220 Post
1160 2149 1252 2246 lege,

249 2269 353 2342 Sulla
370 2270 504 2369 viginti·
518 2270 623 2374 creati
646 2270 843 2366 supplendo
867 2267 1011 2357 senatui,
1037 2267 1094 2340 cui
1108 2266 1240 2364 judicia
1277 2333 1282 2344 .

250 2380 467 2464 tradiderat:
506 2389 556 2482 &j
585 2415 803 2489 quamquam
832 2388 966 2487 equites
985 2385 1121 2486 judicia
1150 2387 1239 2460 reci·

251 2511 471 2610 peravissent,
502 2511 669 2611 quaestura
696 2514 814 2585 tamen
842 2531 888 2584 ex
916 2492 1087 2608 dignitate
1117 2507 1238 2608 candi-

249 2633 427 2725 datorum,
447 2653 507 2707 aut
528 2631 692 2717 facilitate
712 2632 958 2723 tribuentium,
974 2630 1249 2734 gratuitocom

251 2756 451 2846 cedebatur,
469 2756 582 2830 donec
599 2753 769 2828 sententis¹
780 2753 976 2828 Dolabella
996 2753 1093 2826 velut
1106 2777 1238 2826 venum

252 2874 403 2947 daretur.
624 2929 630 2938 -
1108 2945 1136 2964 .,

302 2994 440 3067 XXI'H.
467 3001 748 3086 A.·Vrrnnn10,
775 2995 822 3069 L.
837 2979 1003 3093 Vipsanio
1024 2995 1236 3088 consulibus,

169 3123 172 3130 '
252 3113 337 3187 curn
356 3116 401 3187 de
426 3111 625 3211 supplendo·
636 3118 754 3191 senatu
776 3117 977 3216 agitaretur,
1004 3117 1238 3216 primoresque

251 3234 391 3324 Gallia,
427 3261 505 3343 quae
534 3237 658 3312 Comata
686 3241 892 3337 appellatur,
928 3238 1123 3312 foedera&
1150 3237 1238 3314 civi-

251 3368 359 3430 tatem
388 3357 591 3430 Romanam
615 3343 750 3455 pridein
776 3359 940 3450 adsecuti,
961 3359 1020 3458 jus
1045 3357 1237 3455 adipiscen-

252 3477 382 3572 dorum
409 3476 446 3550 in
470 3479 572 3552 Urbe
596 3480 772 3554 honorum
795 3499 1014 3578 expeterent:
1042 3481 1174 3554 multus
1199 3482 1240 3554 ea

251 3596 606 3697 superuevariusque
631 3626 764 3692 rumor,
794 3605 828 3673 ὅτ
851 3602 970 3676 studiis
987 3601 1126 3696 diversis
1143 3603 1239 3700 apud

252 3718 454 3818 Principem
472 3722 681 3812 certabatur,
701 3721 991 3814 adseverantium,
1011 3731 1038 3768 “
1052 3725 1137 3797 Non
1150 3707 1239 3798 adeo

254 3843 283 3936 ‘3
301 3855 432 3950 aegram
466 3841 617 3934 Italiam,
651 3861 690 3916 ut
719 3841 873 3918 senatum
900 3842 1116 3955 suppeditare
1146 3835 1238 3917 Urbi
1304 3944 1312 3963 ,
1370 3853 1373 3862 “

612 4017 615 4028 .
708 3962 785 4035 Ca
