3126 4864
353 405 420 484 rao
564 375 1136 459 CConuaarrTncrrr

351 567 379 604 “
397 575 577 656 parentum
594 557 798 649 iracundias,
833 563 867 632 dt
899 557 1107 655 placandum
1138 543 1319 630 animuin'¹

348 679 521 769 diditans,
540 674 610 776 qud
638 705 816 754 rumorem
843 674 1133 752 reconciliationis
1156 675 1318 766 efficeret,

349 795 587 897 acciperetque
606 775 815 898 Agrippina,
840 796 933 870 facili
965 795 1169 870 feminarum
1200 797 1319 868 credu-

349 901 445 991 litate
473 921 516 992 ad
545 920 683 1018 gaudia.
734 919 941 992 Venientem
957 917 1099 1006 dehinc,
1126 913 1252 989 obvius
1284 915 1321 987 in
1414 969 1419 982 .

350 1038 454 1110 litora
479 1043 580 1136 (nam
607 1039 715 1112 Antio
732 1041 958 1133 adventabat)
987 1037 1116 1134 excipit
1149 1063 1254 1112 manu
1286 1041 1322 1110 dt

278 1179 285 1191 ’
351 1161 554 1256 complexu,
572 1161 739 1266 ducitque
750 1162 874 1235 Baulos
889 1190 902 1232 :.
933 1160 971 1232 id
996 1159 1085 1232 villae
1100 1181 1227 1230 nomen
1256 1157 1321 1244 est,

352 1281 433 1378 quae'
470 1281 745 1377 promontorium
773 1280 948 1354 Misenum
982 1279 1070 1352 inter
1096 1281 1128 1350 a
1154 1276 1323 1353 Baianum

351 1402 469 1474 lacum
497 1404 603 1475 flexo.
625 1400 710 1474 mari
742 1401 905 1472 adluitur.
966 1402 1083 1472 Stabat
1115 1391 1206 1471 'inter
1238 1399 1318 1471 alias

353 1523 448 1594 navis
465 1521 624 1608 ornatior,
647 1541 827 1616 tamquam
844 1520 879 1590 id
897 1545 1037 1616 quoque
1063 1519 1183 1590 honori
1208 1517 1323 1591 matris

353 1641 503 1710 daretur.
528 1638 671 1733 Qrippe
688 1638 841 1710 sueverat
858 1638 1002 1729 triremi,
1030 1643 1063 1710 dt
1081 1637 1325 1711 claffiariorum

350 1756 498 1852 remigio
526 1755 618 1828 vehi.
670 1763 828 1828 Actum
856 1755 1000 1829 invitata
1025 1758 1069 1828 ad
1097 1759 1212 1854 epulas
1239 1777 1324 1847 erat,

351 1895 390 1948 ut
423 1875 633 1946 occultando
677 1873 820 1952 facinori
853 1901 925 1949 nox
957 1875 1189 1948 adhiberetur.
1239 1863 1328 1950 Satis
1364 1881 1369 1892 '

355 1994 507 2069 constitit
525 1993 685 2068 exstitisse
703 1996 930 2097 proditorem,
951 2001 983 2070 &
1002 1997 1251 2094 Agrippinam,
1264 2023 1326 2068 au·

264 2108 267 2120 ’
296 2147 299 2158 ·
351 2115 433 2190 ditis
463 2115 604 2206 inaniis,
634 2143 678 2190 an
712 2119 866 2195 crederet
894 2116 1111 2216 ambiguam,
1139 2116 1327 2218 gestamine

354 2235 442 2310 sellae
459 2237 556 2312 Baias
579 2239 785 2334 pervestam.
829 2239 882 2312 lbi
908 2239 1187 2312 blandimentum
1215 2235 1328 2310 suble-u

250 2369 253 2386 '
354 2355 450 2432 variit
476 2377 623 2445 metum,
650 2357 797 2435 comiter
825 2380 984 2454 excepta,
1013 2360 1182 2466 superque
1214 2355 1327 2472 ipsum

355 2477 544 2553 conlocata.
587 2477 684 2546 Nam
718 2477 871 2574 pluribus
896 2477 1123 2568 sermonibus,
1150 2477 1328 2552 modbsa-

355 2597 554 2672 miliaritate
566 2592 716 2692 juvenili
739 2597 850 2683 Nero,
869 2602 901 2669 ὅτ
926 2597 1039 2670 rursus
1051 2600 1219 2671 addudus
1233 2606 1327 2696 quasi

354 2719 437 2791 seria
455 2753 461 2761 ¹
477 2712 698 2804 consociaret,
742 2717 848 2788 trado
887 2715 923 2788 in
967 2718 1113 2816 longum
1135 2720 1328 2812 'convidm'

356 2834 570 2935 prosequitur
600 2837 786 2910 abeuntem
830 2837 952 2910 arctius
993 2838 1103 2914 oculis
1137 2845 1170 2913 δε
1200 2819 1330 2938 pedari

354 2960 512 3041 haerens;
547 2959 615 3030 five
644 2959 816 3054 explenda
833 2958 1061 3050 simulatione,
1086 2958 1144 3034 seu
1170 2957 1328 3058 periturae'

355 3077 473 3151 matris
505 3075 693 3174 supremus¹
714 3077 882 3176 aspectus,
914 3081 1074 3178 quamvis
1113 3081 1225 3158 ferum
1256 3075 1329 3156 anil
1365 3129 1390 3140 ι,

357 3225 456 3272 mum
482 3197 660 3271 retinebat.
1323 3196 1328 3218 '

416 3321 460 3389 V.
497 3320 673 3390 NocraM
707 3319 869 3398 fideribus
900 3320 1094 3413 inlustrem,
1115 3328 1166 3397 ’δι
1190 3319 1329 3420 placido
1412 3357 1417 3366 ·

349 3439 442 3528 ,mari
468 3437 635 3536 quietam,
662 3442 755 3535 quasr
780 3440 1059 3517 convincendum
1075 3445 1119 3514 ad
1135 3443 1256 3532 scelus,
1281 3437 1332 3516 dii

357 3562 542 3660 praebuere.
600 3561 679 3632 Nec
712 3561 864 3633 multum
899 3581 970 3635 erat
1006 3563 1188 3660 progressa
1216 3561 1328 3652 navis,

357 3681 495 3754 duobus
516 3705 536 3753 e
559 3679 705 3752 numero
726 3666 946 3756 familiarium
960 3682 1192 3780 Agrippinam
1217 3680 1331 3754 comi-³

357 3799 532 3876 rantibus:
565 3825 608 3874 ex
626 3801 920 3902 querre-pereius
944 3804 1066 3880 Gallus
1087 3801 1180 3875 haud
1207 3785 1331 3900 procul
