3006 4866
310 383 383 462 ³¹⁰
533 356 576 433 C.
615 359 859 434 Conunnrt
887 353 1069 434 Tsc'trr

308 532 347 608 in
370 551 501 607 tantum
528 555 600 604 non
623 529 732 604 modb
749 556 770 604 a
786 530 955 620 libertate,
984 528 1044 604 sed
1058 526 1202 604 etiama
1223 531 1303 608 ser·

310 653 419 728 vitute
435 653 659 750 degenerant.
711 650 791 725 Hic
807 649 942 724 Sueviae
959 649 1051 726 finis.

355 773 490 848 XLVI.
516 775 804 862 Peucinorum,
815 773 1127 869 Venedorumque,
1148 774 1181 846 δι
1199 773 1298 848 Fen-

307 919 436 969 norum
463 893 617 968 nationes
643 892 828 966 Germanis
853 919 896 966 an
922 895 1085 967 Sarmatis
1101 891 1299 970 adscribam

185 1118 190 1128 ¹
308 1015 461 1090 dubito:
495 1039 713 1113 quamquam
739 1013 897 1104 Peucini,
930 1039 1018 1112 quos
1047 1012 1192 1111 quidam
1215 1014 1297 1090 Bas·

306 1156 419 1212 tarnas
445 1155 585 1226 vocant,
615 1132 785 1225 sermone,
813 1137 923 1223 cultu,
949 1133 1041 1224 sede,
1074 1159 1115 1207 ac
1143 1135 1298 1210 donuci-

307 1257 375 1350 liis,
398 1277 439 1332 ut
456 1255 624 1330 Germani
653 1275 789 1355 agunt:
825 1255 940 1330 sordes
972 1253 1132 1329 omnium
1157 1281 1197 1330 ac
1221 1274 1297 1330 tor-

308 1403 397 1478 por:
436 1405 619 1476 procerum
653 1377 837 1452 connubiis
882 1375 1014 1466 mixtis,
1057 1375 1216 1448 nonnihil
1255 1376 1297 1452 in

306 1501 541 1574 Sarmatarum
564 1498 724 1572 habitum
750 1495 948 1570 foedantur.¹
987 1495 1122 1570 Venedi
1140 1497 1295 1570 multum

307 1646 354 1694 ex
370 1622 526 1692 moribus
544 1639 734 1692 traxerunt.
783 1619 880 1691 Nam
904 1615 1078 1715 quidquid
1095 1614 1183 1689 inter
1199 1619 1293 1690 Peu-

238 1807 240 1812 .
308 1739 405 1812 cinos
433 1737 639 1833 Fennosque
667 1739 829 1810 filvarum
858 1763 900 1810 ac
924 1736 1103 1812 montium
1131 1735 1290 1834 erigitur,

307 1851 493 1932 latrociniis
523 1875 707 1953 pererrant.
757 1855 813 1930 Hi
840 1875 958 1930 tamen
981 1855 1070 1928 inter
1096 1859 1292 1934 Germanos

308 1978 424 2076 potitis
442 1975 647 2068 reseruntur,
674 1976 757 2076 quia
776 1978 947 2052 &domos
964 1979 1119 2078 fingunt,
1139 1984 1173 2054 br
1197 1980 1291 2054 scuta

309 2099 458 2198 gestant,
493 2104 526 2173 δι
556 2099 691 2196 pedum
718 2097 778 2172 usu
804 2123 844 2172 ac
875 2097 1076 2195 pernicitate
1110 2100 1287 2198 gaudent;

305 2247 385 2320 quae
402 2221 521 2296 omnia
536 2216 665 2302 diversa
681 2219 843 2293 Sarmatis
855 2217 946 2310 sunt,
963 2219 1000 2294 in
1012 2220 1163 2318 plaustro
1179 2245 1287 2319 equo·
1322 2275 1324 2283 ι

305 2367 377 2440 que
404 2339 612 2415 viventibus.
662 2340 791 2414 Fennis
818 2341 905 2416 mira
922 2339 1048 2430 feritas,
1082 2338 1178 2416 foeda
1204 2369 1286 2440 pau·

305 2484 443 2560 pertas:
470 2485 542 2534 non
560 2487 668 2552 arma,
690 2479 762 2534 non
778 2461 872 2559 equi,
898 2487 971 2534 non
988 2469 1154 2558 penates:
1184 2463 1287 2538 vidui

306 2583 428 2672 herba,
452 2580 589 2655 vestitui
618 2576 747 2680 pelles:
779 2581 895 2656 cubile
911 2584 1062 2656 humus:
1093 2582 1164 2658 sola
1184 2581 1220 2657 in
1235 2581 1285 2658 sa·

307 2703 404 2802 gittis
436 2701 525 2800 spes,
567 2729 652 2800 quas
687 2701 806 2801 inopid
836 2700 932 2793 ferri,
968 2705 1094 2778 offibus
1122 2704 1285 2803 asperent.

306 2823 480 2922 Idemque
513 2827 657 2898 venatus
684 2824 778 2897 viros
808 2822 934 2922 pariter
962 2850 1004 2899 ac
1036 2823 1182 2902 seminas
1214 2826 1285 2910 alit.

306 2945 433 3019 Paffim
464 2944 557 3018 enim
584 2943 808 3036 comitantur,
836 2963 1040 3043 partemque
1071 2947 1198 3043 praedae
1225 2971 1286 3046 pe-

305 3084 394 3139 tunt.
444 3069 524 3140 Nec
550 3066 646 3140 aliud
671 3064 860 3140 infantibus
878 3063 1025 3140 serarum
1051 3065 1287 3166 imbriumque

303 3183 509 3290 suffugium,
538 3188 647 3284 quim
663 3205 701 3260 ut
717 3185 752 3261 in
766 3186 884 3285 aliquo
898 3193 1075 3262 ramorum
1092 3211 1188 3264 nexu
1203 3215 1286 3264 con·

303 3322 487 3402 tegantur:
512 3307 581 3380 huc
599 3308 745 3382 redeunt
754 3304 915 3404 juvenes,
941 3309 1010 3383 hoc
1027 3307 1148 3382 senum
1170 3333 1286 3408 recep·

302 3426 468 3498 taculum.
506 3426 574 3500 Sed
591 3428 724 3502 beatius
740 3427 959 3520 arbitrantur,
982 3429 1091 3527 quim
1108 3428 1284 3530 ingemere

303 3543 409 3646 agris,
427 3543 608 3622 illaborare
625 3549 803 3641 domibus,
821 3547 895 3626 suas
919 3549 1113 3648 alienasque
1132 3549 1283 3624 fortunas

301 3667 362 3765 spe
388 3684 556 3763 metuque
581 3667 724 3744 versare.
773 3669 892 3745 Securi
920 3670 1085 3748 adversus
1112 3669 1283 3760 homines,

302 3786 412 3865 secuti
439 3787 604 3867 adversus
628 3790 727 3884 deos,
745 3815 840 3878 ,rern
863 3788 1107 3868 difficillimam
1136 3788 1285 3868 adsecuti
