3076 4868
329 403 374 499 76
593 402 636 474 C.
660 402 896 477 Conanarr
924 403 1106 479 Tacrrr

372 579 475 650 LIX.
512 581 573 651 Ar
601 582 812 654 Crnunrns
843 581 1024 656 saeviffima
1045 605 1194 680 quaeque
1218 607 1303 680 pro-

323 724 420 770 mere
437 699 643 798 adigebatur
659 700 813 799 ejusdem
831 703 1038 801 Agrippinae
1057 704 1201 792 artibus,
1220 729 1303 800 quae

323 819 498 893 Statilium
523 823 684 896 Taurum
709 826 836 920 opibus
869 825 1060 914 inlustrem,
1090 823 1201 896 bortis
1229 821 1305 921 ejus

324 937 474 1030 inhians,
489 943 667 1038 pervertit,
680 943 860 1016 accusante
874 943 1064 1042 Tarquitio
1075 943 1203 1016 Prisco.
1227 945 1304 1014 Le-

325 1079 426 1156 gatus
449 1061 477 1133 is
501 1063 626 1153 Tauri,
646 1064 801 1138 Africam
824 1065 973 1162 imperio
997 1062 1231 1162 proconsulari
1247 1081 1311 1137 re-⁸

326 1181 452 1278 gentis,
480 1183 662 1282 postquam
675 1205 891 1274 revenerunt,
917 1211 1030 1282 pauca
1052 1194 1080 1228 “
1093 1182 1303 1280 repetunda-

326 1309 355 1344 “
373 1327 453 1374 rum
477 1303 662 1394 erimina,’'
690 1308 845 1380 eeterlrm
874 1307 1073 1403 “magicas
1090 1302 1303 1400 superstitio·

325 1428 354 1463 “
372 1425 458 1495 nes”
477 1421 681 1521 objedlabat.
730 1427 809 1497 Nec
830 1425 890 1496 ille
910 1426 1042 1496 diutius
1059 1424 1183 1496 falsum
1200 1449 1305 1496 accu-

323 1540 485 1632 satorem,
526 1542 756 1639 indignasque
781 1542 896 1614 sordes
918 1547 1104 1639 perpeffus,
1126 1543 1201 1614 vim
1221 1543 1306 1614 vitae

205 1715 209 1722 .
324 1659 393 1734 suae
417 1663 543 1750 attulit,
568 1684 648 1734 ante
675 1661 878 1733 sententiam
903 1661 1049 1735 senatlrs.
1098 1661 1307 1758 Tarquitius

325 1799 443 1854 tamen
469 1783 562 1853 curia
585 1783 726 1853 exadus
749 1781 824 1852 est:
849 1783 945 1877 quod
969 1801 1083 1877 patres
1106 1781 1190 1854 odio
1207 1782 1304 1854 dela,

325 1901 423 1990 toris,
450 1923 570 1975 contra
586 1902 758 1974 ambitum
775 1901 983 1999 Agrippinae
1001 1902 1189 1999 pervicdre.

374 2023 459 2094 ml.
486 2023 631 2094 Eonnnr
648 2047 740 2093 anno
758 2020 880 2118 saepius
896 2022 1013 2094 audita
1028 2049 1098 2095 vox
1116 2022 1304 2120 Principis,

327 2146 493 2239 “parem
520 2141 595 2214 vim
618 2167 732 2214 rerum
755 2143 954 2216 habendam
978 2169 999 2215 a
1024 2143 1306 2240 procuratoribus

328 2271 356 2308 “
374 2261 440 2336 suis
451 2262 701 2362 judicatarum,
730 2289 770 2336 ac
792 2267 815 2336 fi
845 2263 918 2360 ipse
934 2263 1132 2337 statuiffet.''
1182 2269 1240 2337 Ac
1258 2290 1305 2336 ne

327 2384 473 2480 fortuito
496 2382 672 2481 prolapsus
688 2383 876 2471 videretur,
902 2381 1038 2486 senatds
1056 2411 1201 2483 quoque
1218 2413 1307 2459 con„

327 2505 416 2579 fulto
442 2523 585 2576 cautum
615 2501 763 2598 plenius,
808 2502 916 2598 quam
950 2523 1050 2574 antea
1083 2509 1118 2576 dr
1152 2507 1306 2579 uberiirs.

327 2627 425 2697 Nam
460 2621 562 2694 divus
596 2620 794 2719 AugustuS,
835 2626 863 2662 “
888 2621 984 2717 apud
1019 2623 1205 2718 equestres,
1243 2625 1307 2720 qui

329 2752 358 2788 “
377 2744 540 2841 AEgypto
559 2743 789 2840 praesrderent,
815 2742 893 2838 lege
919 2740 992 2839 agi,
1014 2743 1222 2840 decretaque
1245 2769 1306 2816 eo-

331 2869 461 2936 “rum
488 2864 634 2962 proinde
666 2863 808 2935 haberi''
825 2861 983 2960 jufferat,
1019 2870 1048 2904 “
1065 2889 1105 2935 ac
1134 2867 1158 2936 fi
1192 2865 1307 2961 magi·

330 2993 359 3028 “
379 2986 501 3059 stratus
519 2984 672 3060 Romani
689 2983 983 3056 constituiffent:''
1020 3009 1107 3058 mox
1131 2983 1213 3057 alias
1242 3011 1307 3082 per

330 3107 541 3205 provincias,
567 3111 600 3180 ὅτ
631 3105 668 3178 in
692 3108 795 3178 Urbe
824 3107 987 3202 pleraque
1020 3107 1177 3177 concella
1214 3104 1305 3196 sunt,

330 3255 410 3332 quae
444 3229 530 3302 olim
559 3253 580 3300 a
608 3226 815 3324 praetoribus
841 3223 1080 3300 noscebantur.
1140 3225 1308 3300 Claudius

329 3377 437 3424 omne
451 3349 508 3449 jus
533 3347 689 3437 tradidit,
716 3347 761 3418 de
792 3372 864 3444 quo
896 3345 1020 3418 totiens
1044 3343 1220 3436 seditione,
1235 3367 1308 3425 ,aut

330 3472 465 3563 armis,¹
483 3489 666 3558 certatum,
708 3467 792 3540 clun
830 3466 1038 3565 Semproniis
1072 3463 1308 3563 rogationibus

271 3609 278 3652 ἴ
331 3595 489 3692 equester
502 3591 591 3666 ordo
607 3589 642 3662 in
661 3590 862 3686 polleffione
878 3585 1093 3685 judiciorum
1115 3586 1305 3672 locaretur;

203 3755 213 3770 =
331 3736 390 3789 aut
412 3715 543 3790 rursum
568 3693 841 3807 Serviliae‘leges
875 3706 1006 3782 senatui
1024 3705 1155 3806 judicia
1182 3701 1306 3777 reddeff

310 3857 425 3952 ¹rent:
446 3832 651 3932 Mariusque
669 3836 703 3906 δι
720 3831 814 3906 Sulla
831 3829 917 3904 olim
931 3831 976 3904 de
994 3855 1037 3904 eo
1055 3829 1112 3905 vel
1128 3823 1306 3928 praecipuo
