3006 4866
215 493 218 498 A
320 425 391 502 292
455 433 458 444 ·
503 400 543 476 C.
585 401 852 479 Coruum
892 377 1095 479 Tlcsst

319 576 399 650 data
424 601 517 648 arma
539 575 757 651 denuntiant.
805 577 861 652 Sic
888 577 1098 666 vivendum,
1125 577 1169 648 fic
1198 593 1313 673 pere-

316 699 455 770 undum
472 725 480 770 :
511 698 666 796 accipere
690 697 737 790 se,
753 726 830 798 quae
851 699 966 772 liberis
982 697 1146 770 inviolata
1162 721 1201 772 ac
1218 697 1310 793 dig·

317 833 363 892 na
382 817 517 908 reddat,
547 845 627 918 quae
646 845 751 894 nurus
767 819 952 918 accipiant,
975 815 1152 916 rursusque
1168 819 1212 890 ad
1235 841 1309 890 ne-

319 949 417 1034 potes
436 937 592 1012 reserant.
1337 1030 1339 1032 ,

365 1060 469 1134 ΧΙΧ.
497 1063 607 1134 Enoo
632 1059 726 1158 septb
744 1062 910 1159 pudicitii
934 1081 1056 1160 agunt,
1080 1057 1182 1135 nullis
1199 1053 1307 1155 spec-

238 1162 240 1170 *
318 1181 512 1254 taculorum
546 1181 745 1273 inlecebris,
775 1183 879 1256 nullis
911 1181 1154 1256 conviviorum
1179 1177 1307 1251 inrita-

249 1390 251 1398 !
318 1299 473 1375 tionibus
490 1323 675 1399 corruptae.
725 1303 924 1378 Literarum
939 1304 1068 1377 secreta
1089 1300 1155 1374 viri
1173 1299 1306 1398 pariter

319 1443 360 1493 ac
376 1419 515 1497 seminae
533 1423 705 1521 ignorant.
745 1424 949 1498 Paucillima
966 1424 1000 1498 in
1023 1443 1097 1496 tam
1116 1420 1303 1494 numerosa

319 1562 423 1640 gente
439 1544 617 1650 adulteria,
643 1525 794 1640 quorum
817 1571 922 1640 poena
939 1542 1098 1641 prasens,
1119 1548 1153 1615 δι
1171 1540 1303 1614 maritis

319 1660 487 1758 permili'a.
538 1663 670 1735 Accisrs
687 1664 852 1753 crinibus,
878 1665 1058 1754 nudatam,
1082 1685 1202 1736 coram
1219 1687 1300 1759 pro-

257 1831 259 1834 -
318 1781 469 1878 pinquis,
497 1781 638 1877 expellit
665 1783 774 1856 domo
803 1784 959 1874 maritus,
994 1809 1034 1856 ac
1061 1809 1123 1880 per
1156 1806 1301 1854 omnem

319 1901 438 1974 vicum
469 1904 609 1974 verbere
635 1902 732 2001 agit:
771 1904 955 2001 publicatae
990 1902 1085 1976 enim
1119 1902 1299 2000 pudicitiae

318 2022 415 2095 nulla
430 2021 554 2094 venia:
588 2049 658 2096 non
687 2021 812 2113 forma,
838 2050 912 2096 non
933 2043 1046 2114 aetate,
1074 2048 1146 2095 non
1175 2021 1301 2120 opibus

318 2142 482 2217 maritum
511 2143 691 2217 invenerit.
716 2125 720 2136 s
741 2146 861 2218 Nemo
878 2144 972 2217 enim
990 2144 1059 2218 illic
1082 2142 1166 2244 vitia
1183 2143 1296 2216 ridet:

229 2329 232 2334 .
318 2261 393 2338 nec'
409 2251 629 2361 corrumpere
664 2271 697 2337 δε
726 2265 915 2362 corrumpi,
950 2263 1114 2339 saeculum
1143 2285 1300 2337 vocatur.
1386 2339 1388 2344 ,

318 2384 451 2462 Melius
466 2384 612 2482 quidem
629 2386 744 2459 adhuc
761 2411 809 2458 eae
827 2386 994 2478 civitates,
1027 2385 1062 2458 in
1081 2385 1205 2484 quibus
1222 2405 1298 2458 tan-

319 2507 397 2580 turn
415 2503 566 2602 virgines
584 2507 736 2593 nubunt,
768 2508 801 2576 &
824 2490 905 2579 cum
917 2569 921 2582 ‚
934 2505 993 2603 spe
1010 2525 1162 2604 votoque
1178 2505 1299 2579 uxoris

319 2603 424 2700 semel
441 2625 645 2724 tranfigitur.
696 2626 760 2698 Sic.
777 2629 889 2700 unum
916 2626 1091 2724 accipiunt
1116 2624 1297 2715 maritum,

320 2775 392 2847 quo
424 2748 532 2820 modo
567 2771 676 2820 unum
706 2761 846 2844 corpus,
884 2773 1064 2846 unamque
1093 2747 1210 2835 vitam,
1251 2769 1300 2818 ne

319 2871 391 2943 ulla
407 2867 571 2968 cogitatio
588 2869 693 2957 ultri,
720 2893 763 2940 ne
781 2869 1120 2967 longiorcupiditas,
1148 2891 1193 2940 ne
1207 2887 1298 2939 tam-

277 2985 279 2992 '
321 3015 430 3088 quam
463 2988 642 3079 maritum,
679 2987 736 3061 sed
761 3009 941 3086 tamquam
971 2989 1233 3063 matrimonium
1260 3013 1297 3061 a·

318 3133 428 3184 ment.
478 3113 675 3184 Numerum
709 3109 901 3182 liberorum
935 3110 1050 3201 linire,
1087 3129 1145 3183 aut
1174 3135 1297 3207 quem-

318 3257 424 3328 quam
474 3254 519 3300 ex
555 3230 689 3327 agnatis
731 3253 867 3320 necare,
910 3231 1083 3329 flagitium
1128 3231 1296 3302 habetur:

316 3348 463 3447 plusque
488 3348 537 3421 ibi
563 3349 653 3422 boni·
670 3373 785 3424 mures
809 3353 938 3442 valent,
963 3352 1071 3450 quam
1089 3350 1172 3424 alibi
1198 3353 1297 3423 bonae

318 3471 424 3567 leges.
1018 3489 1019 3493 ’

368 3591 451 3662 ΧΧ.
475 3591 523 3662 ΙΝ
550 3592 647 3664 omni
676 3593 786 3664 domo
815 3592 901 3666 nudi
930 3619 970 3666 ac
999 3591 1139 3682 sordidi,
1170 3592 1206 3665 in
1235 3594 1299 3666 hos

136 3791 139 3802 ,
215 3781 218 3790 ,
319 3731 423 3802 artus,
449 3708 486 3782 in
504 3711 752 3808 haeccorpom,
780 3697 857 3810 qua
876 3713 1056 3804 miramur,
1087 3712 1301 3786 excrescunt.

318 3837 385 3907 Sua
402 3855 579 3932 quemque
607 3844 718 3906 mater
745 3833 910 3908 uberibus
926 3835 998 3926 alit,
1027 3859 1091 3908 nec
1108 3832 1242 3907 ancillis
1259 3853 1302 3907 ao
1397 3925 1398 3932 ἵ
