3076 4868
315 383 362 461 30
506 353 1099 436 C.CornatrrTnc1rt

310 545 339 581 “
357 537 416 610 oni
433 537 687 612 consuleretur:
713 537 834 636 sp'onte
857 565 902 613 an
919 541 1059 612 coaetus
1072 559 1144 614 tam
1162 557 1291 640 magna

310 666 337 700 “
356 658 572 754 peoeavillet,
602 658 690 732 nihil
715 659 877 734 referre.”
926 663 985 734 Nc
1000 659 1121 733 Trauli
1147 661 1291 758 quidem
1333 727 1337 734 .
1383 726 1393 730 -

274 813 278 823 ·
306 779 486 884 Montani,
515 775 640 878 equitis
673 781 842 872 Romani,
870 781 1022 856 desensro
1049 801 1186 879 recepta
1214 781 1290 855 ests

307 898 335 972 is
363 901 516 974 modesta
536 899 696 999 juventas,
731 901 789 976 sed
822 923 966 1001 corpote
993 903 1131 1002 insigni,
1161 887 1292 976 accitus

307 1020 411 1111 ultro,
438 1023 652 1120 noslemque
678 1021 766 1096 intra
782 1049 888 1112 unam
917 1023 1138 1098 aMeffalinst
1155 1043 1290 1121 protur-

307 1141 406 1214 batus
423 1163 507 1233 erat,
527 1144 667 1241 paribus
684 1143 830 1218 lasciviis
846 1146 891 1218 ad
914 1144 1117 1243 cupidinem
1141 1146 1174 1217 δι
1195 1141 1290 1216 fasti*

307 1261 375 1336 dia.
424 1263 534 1336 Suilio
551 1263 747 1356 Caesonin'o,
779 1271 813 1340 ὅτ
840 1266 979 1340 Plautio
995 1269 1169 1338 Laterano
1195 1291 1290 1338 mors

306 1381 519 1458 remittitur:
555 1387 635 1460 huic
663 1389 711 1460 ob
746 1386 856 1483 patrui
883 1387 1069 1485 egregium
1098 1385 1289 1472 meritum;

306 1485 508 1580 'Caesoninus
525 1506 616 1580 vitiis
632 1507 805 1604 protestus
822 1505 883 1594 est,
897 1523 1077 1602 tamquam
1094 1505 1129 1576 in
1146 1505 1206 1578 illo
1224 1503 1292 1578 sne·

307 1625 445 1698 dissrmo
463 1647 559 1698 coetu
576 1627 688 1724 passus
706 1625 901 1698 muliebria.

358 1747 553 1852 XXXVII,
585 1747 762 1818 Inrrnrnr
796 1745 982 1820 Messalina
1009 1745 1228 1820 Lucullianis
1255 1747 1292 1820 in'

307 1867 414 1940 hortis
443 1865 612 1963 prolatare
646 1866 770 1959 vitam,
799 1891 1011 1966 componere
1039 1891 1172 1966 preces,
1203 1893 1294 1942 non·

308 1990 404 2064 nulls
428 1987 500 2086 spe,
525 1992 558 2062 ὅτ
588 1987 776 2086 aliquando
802 1988 874 2062 irs:
906 1991 1002 2063 tants
1024 1988 1114 2062 inter
1138 2007 1294 2062 extrema·

308 2109 472 2208 superbis
499 2111 637 2208 agebat.
687 2114 749 2184 'Ac
779 2109 815 2182 ni
845 2111 979 2184 caedem
995 2107 1085 2207 xejus
1115 2110 1292 2183 Narcissus

299 2231 573 2328 ‘properavisseu
603 2251 749 2305 verterat
782 2231 947 2328 pernicies
980 2230 1016 2304 in
1048 2228 1292 2303 accusatorem.

309 2355 407 2427 Nam
433 2351 599 2428 Claudius
627 2353 776 2424 domum
800 2355 983 2449 regressus,
1016 2355 1050 2424 &
1078 2349 1292 2448 tempestivis

309 2473 420 2570 epulis
445 2470 621 2558 delinitus,
649 2469 710 2542 ubi
728 2469 811 2541 vino
832 2470 1034 2560 incaluisset,
1064 2478 1091 2514 “
1109 2469 1175 2543 iri’'
1189 2468 1294 2568 jubet

310 2600 340 2636 “
357 2589 576 2688 nuntiarique
593 2587 746 2662 miserae'’
774 2591 861 2684 (hoc
878 2581 978 2663 enim¹
997 2591 1107 2680 verbo
1124 2590 1224 2662 usum
1241 2588 1292 2662 fe-

308 2684 409 2825 runt)
439 2716 466 2751 “
484 2709 669 2784 dicendam
686 2711 731 2783 ad
749 2709 885 2784 causam
904 2710 1038 2808 poster&
1054 2709 1111 2796 die
1127 2710 1291 2783 adesset.''

308 2831 416 2927 Qrod
429 2830 491 2904 ubi
503 2831 679 2923 auditum,
700 2829 965 2932 &languescere
977 2832 1039 2922 ira,
1058 2831 1292 2923 redireamor,

308 2977 349 3025 ac
371 2953 669 3046 srcunstarentur,
689 2954 886 3056 propinqua
903 2979 989 3044 nox,
1009 2958 1041 3026 &
1060 2953 1175 3026 uxorii
1193 2953 1292 3028 cubi-

307 3072 378 3147 culi
408 3073 580 3148 memoria
605 3075 844 3178 timebantur3
876 3073 1072 3172 prorumpit
1099 3074 1312 3166 Narcissus„
1389 3094 1397 3106 “

308 3194 559 3295 denuntiatque
586 3197 845 3270 centurionibus
881 3200 915 3268 δι
945 3197 1087 3270 tribuno
1110 3195 1176 3294 ¹qui
1209 3198 1291 3269 ade·
1383 3251 1389 3258 .

308 3338 398 3410 rant,
426 3304 607 3417 “exsequi
625 3319 784 3393 caedem:
809 3317 856 3390 ita
871 3319 1121 3415 Imperatorem
1131 3314 1291 3412 jubere.’'
1385 3319 1388 3324 ’

218 3461 227 3476 ·
308 3439 481 3514 Custos&
504 3441 644 3513 exactor
667 3435 844 3527 elibertis,
865 3437 1012 3512 Fivodus
1028 3439 1140 3510 datus.
1189 3434 1291 3534 Isque

307 3560 437 3656 raptim
460 3559 496 3631 in
520 3563 635 3632 hortos
659 3560 874 3656 praegreslus,
900 3557 1026 3656 reperit
1047 3555 1157 3629 fusam
1175 3557 1291 3650 humi,

308 3681 483 3754 adsrdente
504 3700 613 3754 matre
628 3679 791 3776 Lepida:
823 3705 901 3778 quae
929 3676 1065 3752 florenti
1090 3660 1171 3752 filiae
1196 3679 1291 3754 haud

309 3823 466 3892 concors,
500 3799 666 3898 supremis
696 3796 768 3912 ejus
804 3797 1056 3876 necessitatibus
1079 3800 1128 3875 ad
1152 3798 1290 3876 misera-
