3120 4860
235 529 306 642 o
419 435 1200 650 cornuam

282 775 1035 921 'raeiri

352 1077 1093 1198 nunaunt

277 1375 489 1458 traua
537 1379 1161 1464 sarrusnncrurua
1315 1359 1317 1365 ‘

430 1657 1017 1701 m

231 1780 414 1936 Iniusta
441 1860 567 1936 dehinc
594 1863 729 1936 Neroni
755 1862 905 1956 fortuna,
936 1892 997 1963 per
1019 1865 1209 1940 vanitatem

113 2020 115 2029 ·
179 1999 183 2014 ⁴
227 1979 346 2078 ipsius,
377 1986 410 2054 δι
434 1981 597 2077 pronaiffa
612 1981 747 2058 Ceseliii
765 1986 869 2069 Baffi3
897 1985 957 2079 qui
972 1985 1108 2083 origine
1125 1989 1207 2059 Poe-

228 2127 308 2193 nuS,
338 2121 456 2177 mente
484 2099 638 2189 turbida,
663 2102 842 2174 nodumae
869 2101 991 2198 quietis
1018 2103 1209 2201 imaginem

231 2225 277 2296 ad
305 2221 401 2320 spem
425 2221 520 2294 haud
546 2219 693 2296 dubiam
710 2219 861 2294 retraxit.
911 2220 1105 2318 Vediusque
1132 2227 1208 2298 Ro-

231 2367 340 2432 mam,
357 2339 527 2437 Principis
539 2337 674 2414 aditum
686 2359 890 2430 emereatur,
909 2340 1085 2437 expromit
1111 2349 1138 2384 ‘⁶
1155 2369 1209 2416 re·
1306 2409 1307 2412 ,

168 2507 171 2519 v
231 2470 260 2510 “
279 2483 417 2562 portum
436 2460 471 2536 in
488 2485 573 2559 agro
589 2459 650 2534 suo
665 2459 807 2559 specum
824 2461 1006 2536 altitudine
1022 2461 1207 2554 immensa,

229 2589 258 2628 “
276 2608 350 2684 quo
375 2607 504 2679 magna
520 2581 572 2656 vis
598 2581 672 2654 auri
699 2581 946 2672 contineretur,
977 2609 1048 2659 non
1074 2583 1109 2656 in
1135 2581 1207 2658 for·

231 2712 260 2752 “
278 2731 374 2784 mant
399 2704 570 2802 pecuniae,
599 2702 658 2790 sed
691 2703 770 2778 rudi
799 2702 1002 2804 &antiquo
1028 2705 1206 2800 pondere:

234 2832 262 2872 “
279 2827 398 2900 lateres
443 2826 573 2926 quippe
614 2850 804 2924 praegraves
831 2822 958 2922 jacere,
997 2823 1210 2900 adstantibus

231 2951 372 3042 “parte
395 2945 460 3023 alia
486 2946 683 3020 columnis:
711 2971 790 3042 quae
813 2970 874 3042 per
896 2963 1033 3018 tantum
1055 2943 1121 3018 aevi
1151 2971 1210 3018 oc·

231 3071 261 3130 t‘
278 3067 385 3155 culta,
420 3064 588 3168 augendis
616 3063 839 3164 praesentibus
873 3063 983 3140 bonis.
1032 3065 1209 3156 Ceterum,

232 3192 318 3260 “ut
340 3182 534 3282 conjectura
558 3184 820 3277 demonstraret,
847 3186 1025 3290 Didonem
1052 3186 1210 3262 Phoenis·
1240 3243 1248 3254 ,

233 3312 261 3352 “
280 3303 366 3396 sam,
383 3306 481 3402 Tyro
499 3304 702 3404 profugam,
727 3305 868 3389 condita
889 3305 1110 3404 Carthagine,
1135 3305 1210 3380 illas
1248 3367 1250 3374 ,

232 3433 260 3472 “
278 3451 364 3523 opes
380 3425 561 3517 abdidisse,
584 3451 628 3500 ne
645 3452 756 3500 novus
774 3427 923 3523 populus
939 3425 1046 3498 nimia
1063 3426 1211 3524 pecunia

232 3555 260 3597 “
278 3545 474 3633 lasciviret:
506 3566 565 3620 aut
587 3572 685 3646 reges
714 3547 965 3642 Numidarum,
996 3550 1028 3619 δι
1054 3547 1135 3620 alias
1156 3548 1209 3622 in·

232 3675 261 3718 “
279 3665 377 3762 fenti,
398 3666 565 3772 cupidine
581 3667 653 3746 auri
671 3668 716 3742 ad
729 3668 863 3745 bellum
880 3668 1186 3750 accenderentur.²’
