3126 4864
458 417 765 490 urrunnu
790 411 903 487 Lrn.
929 413 1027 486 XIV.
1155 435 1230 513 149·

253 599 325 656 tere
351 579 500 681 subegit,
529 583 631 658 donis
658 582 883 680 ingentibus:
926 585 987 657 nisr
1013 583 1109 682 quod
1132 611 1223 658 mer-

252 727 311 778 ces
334 705 380 777 ab
403 728 460 796 eo,
485 703 546 802 qui
566 701 690 802 jubere
712 705 836 802 potest,
852 704 926 780 vim
950 703 1147 778 necessitatis
1173 705 1222 778 as-

255 822 331 896 sert.
429 873 432 877 -

202 950 204 956 '
303 947 385 1018 XV.
409 946 473 1018 Ns
496 969 638 1018 rnuau
663 947 776 1019 adhuc
798 945 942 1043 publico
963 949 1097 1019 theatro
1114 947 1225 1018 deho-

257 1065 456 1156 nestaretur,
492 1066 637 1140 instituit
663 1068 777 1156 ludos,
811 1069 1016 1164 Juvenalium
1039 1068 1227 1154 vocabulo,

255 1183 293 1266 in
317 1212 406 1284 quos
429 1185 550 1283 passim
573 1185 717 1258 nomina
743 1188 842 1260 datar
869 1213 941 1260 non
968 1187 1129 1261 nobilitas
1154 1186 1227 1260 cui·

259 1329 382 1399 quam,
412 1331 485 1378 non
501 1327 596 1397 aetas,
628 1327 688 1379 aut
704 1307 770 1379 asti
789 1309 938 1380 honores
961 1307 1227 1404 impedimento,

259 1425 449 1520 quominus
476 1427 590 1500 Graeci
608 1427 770 1503 Latinive
792 1427 964 1500 histrionis
995 1447 1106 1500 artem
1132 1452 1230 1498 exer·
1260 1468 1263 1485 ι

259 1557 390 1636 cerent,
419 1543 526 1643 usque
552 1549 596 1620 ad
622 1548 733 1645 gestus
764 1545 955 1644 modosque
987 1548 1082 1620 haud
1106 1529 1230 1627 viriles.

258 1665 356 1762 Qrin
373 1670 407 1738 &
425 1665 562 1739 seminae
590 1667 741 1741 inlustres
764 1664 934 1742 deformia
959 1667 1140 1741 meditari:
1168 1693 1229 1741 ex-

257 1783 452 1884 strustaque
476 1789 571 1884 apud
593 1815 727 1878 nemus,
757 1789 854 1886 quod
883 1788 997 1860 navali
1019 1788 1141 1886 stagno
1166 1789 1231 1862 cir-

259 1906 455 2004 cumposuit
483 1908 675 2004 Augustus,
702 1908 957 1996 conventicula,
985 1914 1018 1982 &
1045 1935 1232 2006 cauponae,

259 2029 294 2098 bt
328 2031 434 2124 posita
461 2053 554 2102 veno
582 2027 802 2098 inritamenta
833 2028 963 2097 luxus:
991 2030 1233 2127 dabanturque

259 2145 377 2243 stipes,
409 2173 495 2244 quas
518 2145 602 2218 boni
630 2143 836 2233 necessitate,
866 2148 1128 2239 intemperantes
1156 2151 1232 2246 glo-

260 2266 325 2356 tis,
356 2245 608 2340 consumerent.
657 2265 744 2336 lnde
768 2263 907 2362 gliscere
930 2263 1061 2362 flagitia
1087 2269 1121 2337 br
1146 2267 1233 2340 insa-

261 2385 355 2460 mia:
384 2409 447 2457 nec
476 2385 547 2460 ulla
573 2383 725 2460 moribus
751 2384 836 2458 olim
854 2383 1025 2480 corruptis
1053 2385 1130 2484 plus
1158 2386 1234 2457 libi-

261 2504 387 2578 dinum
403 2503 645 2596 circumdedit,
664 2506 772 2604 qulm
789 2505 849 2579 illa
865 2504 1041 2578 colluvies.
1092 2505 1162 2580 Vix
1180 2533 1234 2579 ar-

258 2625 354 2700 tibus
377 2625 523 2700 honestis
537 2627 651 2722 pudor
667 2627 831 2699 retinetur
845 2655 856 2713 ;
883 2628 1028 2717 nedum,
1055 2625 1143 2703 inter
1159 2653 1234 2700 cer·

260 2745 392 2818 tamina
401 2745 581 2837 vitiorum,
595 2747 773 2844 pudicitia,
788 2767 848 2819 aut
864 2745 1043 2836 modestia,
1058 2769 1116 2820 aut
1133 2741 1236 2845 quid-

263 2891 370 2962 quam
399 2865 501 2964 probi
522 2867 637 2944 vmoris
664 2866 900 2940 reservaretur.
932 2911 934 2918 ·
962 2867 1137 2941 Postremo
1167 2867 1236 2966 ipse

262 2985 401 3058 scenam
428 2985 570 3076 incedit,
599 2990 710 3062 mults
733 2991 814 3060 curel
841 2968 975 3062 tentans
1001 2988 1168 3063 citharam
1203 2995 1237 3062 ὃς

264 3104 524 3204 praemeditans,
541 3107 778 3204 adsistentibus
790 3107 1038 3182 familiaribus:
1059 3113 1239 3184 accesserat

263 3230 386 3302 cohors
413 3225 580 3319 militum,
603 3227 817 3302 centuriones
849 3229 1071 3328 triburrique;
1097 3236 1130 3304 &
1154 3259 1238 3305 mae·

262 3375 340 3422 rens
353 3351 493 3438 Burrus,
522 3373 561 3422 ac
585 3349 747 3422 laudans.
788 3351 965 3448 Tuncque
981 3352 1134 3450 primum
1153 3369 1237 3425 co'n-

259 3469 380 3566 scripti
397 3467 474 3541 sunt
488 3469 618 3567 equites
634 3470 800 3561 Romani,
821 3459 1073 3570 cognomento
1085 3473 1239 3570 Augqlla·
1326 3509 1331 3519 ·

262 3615 380 3679 nortem,
409 3609 508 3669 aetate
535 3615 575 3664 ac
603 3592 728 3668 robore
745 3590 934 3689 conspicui,
955 3598 989 3666 &
1006 3619 1082 3690 pars
1100 3591 1240 3690 ingenio

263 3735 436 3807 procaces,
466 3710 523 3783 alii
540 3711 576 3782 in
601 3709 850 3808 spe‘potentiae.
868 3755 871 3768 ·
900 3712 954 3785 Hi
972 3711 1044 3786 dies
1061 3738 1102 3785 ac
1120 3715 1238 3786 nostes

265 3831 448 3935 plausibus
461 3831 662 3930 personarer
692 3831 842 3907 formam
858 3832 1028 3932 Principis
1045 3855 1240 3932 vocemque

631 3955 777 4062 ,1⁴3
