3126 4864
337 429 403 484 tro
565 397 1129 500 C.C0uuut11TAcrfrt

333 589 361 624 “
378 581 455 676 quis
483 577 604 652 divina
631 581 797 670 colerent,
824 563 1027 654 &liumarla
1055 603 1128 653 non
1151 572 1304 677 impedia

333 706 360 740 “
377 700 490 770 rents'
879 763 883 786 ,

377 821 495 892 XLII.
529 823 674 894 Vuurrs
690 821 818 899 deinde
833 822 964 895 casibus
980 815 1141 921 jadatus,
1160 823 1194 893 δε
1212 821 1303 893 mul·

329 959 446 1012 torum
472 940 554 1014 odia
580 942 722 1016 meritus
749 967 838 1035 reus,
865 943 961 1016 haud
989 957 1105 1018 tamen
1130 944 1198 1014 fine
1213 939 1302 1014 invi-

328 1058 385 1130 dia
403 1062 539 1135 Seneca
557 1063 753 1136 damnatur.
803 1067 836 1137 Is
862 1063 927 1137 suit
955 1065 996 1136 1³,
1025 1062 1162 1152 Suilius,
1187 1061 1302 1158 impe-

327 1178 448 1253 ritante
466 1181 629 1274 Claudio,
647 1182 805 1258 terribilis
822 1174 862 1258 ac
878 1184 1022 1274 venalis,
1052 1187 1086 1256 &
1110 1181 1302 1254 mutatione

327 1321 540 1399 temporum,
571 1331 657 1396 non,
684 1307 852 1404 quantum
869 1291 1004 1380 inimici
1029 1323 1209 1404 cuperent,
1242 1303 1305 1374 de-

327 1424 469 1496 miffus:
506 1425 637 1522 quique
664 1423 697 1498 se
725 1446 909 1498 nocentem
941 1425 1063 1514 videri,
1087 1425 1195 1521 quam
1222 1423 1302 1519 sup·

327 1544 456 1639 plicem
490 1548 618 1617 mallet.
671 1543 753 1641 Ejus
785 1542 1005 1642 opprimendi
1035 1541 1144 1640 gratias
1176 1542 1301 1639 repeti-

327 1683 404 1734 tum
433 1666 639 1736 credebatur
655 1661 994 1755 senatusconsultum,
1023 1687 1199 1760 poenaque
1217 1663 1300 1735 Cin-

326 1784 387 1855 ciae
406 1783 505 1880 legis,
520 1783 681 1855 adversus
693 1808 765 1872 eos,
779 1781 839 1880 qui
855 1781 964 1880 pretio
975 1781 1088 1855 causas
1102 1781 1299 1856 oravissent:

326 1926 391 1975 nec
407 1901 531 1975 Suilius
549 1903 671 1999 questu
703 1923 762 1976 aut
791 1902 1057 2000 exprobratione
1090 1900 1299 1991 abstinebat,

327 2042 448 2120 praeter
475 2021 640 2096 ferociam
658 2023 781 2113 animi,
806 2027 960 2097 extremi
987 2022 1120 2097 ferleda
1140 2021 1240 2113 liber,
1265 2027 1301 2094 &

326 2147 493 2218 Senecam
522 2143 714 2242 increpans,
754 2143 965 2218 “infensum
998 2143 1117 2218 amicis
1146 2143 1300 2235 Claudii,

326 2272 354 2308 “
372 2264 435 2339 sub
454 2291 525 2363 quo
536 2263 755 2362 justiffimum
772 2266 929 2340 exsilium
947 2263 1148 2364 pertulisset.
1190 2263 1300 2338 Simul

236 2423 240 2434 ·
327 2393 355 2428 “
374 2386 492 2460 studiis
510 2385 690 2473 inertibus,
712 2383 928 2480 &juvenum
941 2385 1126 2483 imperitiae
1151 2381 1299 2475 suetum,

327 2515 356 2551 “
376 2507 482 2579 livere
499 2504 563 2594 his,
579 2503 639 2599 qui
651 2503 807 2576 vividam
825 2511 858 2577 &
876 2505 1115 2602 incorruptam
1131 2506 1299 2602 eloquen-

325 2635 353 2670 “
370 2627 453 2698 tiam
475 2622 612 2694 tuendis
630 2620 763 2695 civibus
781 2644 988 2696 exercerent.
1038 2625 1081 2696 Se
1094 2624 1301 2720 quaestorem

198 2839 200 2852 Ι
272 2777 279 2782 ·
325 2755 353 2790 “
371 2741 591 2828 Germanici;
622 2741 720 2816 illum
745 2744 873 2815 domus
890 2742 959 2842 ejus
977 2745 1173 2816 adulterum
1190 2742 1300 2818 fuisse.

326 2870 432 2936 “An
464 2861 603 2959 gravius
645 2863 927 2955 existimandum,
954 2864 1073 2962 sponte
1102 2863 1298 2963 litigatoris,

325 2982 554 3081 “praemium
579 2985 729 3057 honestae
754 3011 867 3082 opera
897 2984 1051 3083 adsequi,
1090 2986 1197 3083 quam
1216 3011 1298 3059 ror-

323 3111 351 3147 “
370 3128 532 3199 rumpere
554 3103 935 3213 cubiculalPrincipum
952 3105 1191 3180 seminarum?
1216 3109 1299 3204 Qud

324 3229 351 3266 “
371 3222 545 3319 sapientiai,
573 3224 699 3321 quibus
718 3224 1007 3323 philosophorum
1024 3227 1219 3325 praeceptis,
1244 3227 1298 3299 in-

324 3349 352 3386 “
370 3365 422 3416 tra
461 3343 729 3440 quadriennium
758 3345 862 3444 regiae
891 3346 1066 3438 amicitiae,
1096 3369 1148 3420 ter
1174 3347 1298 3420 millies

323 3471 351 3506 “
369 3463 557 3536 sestertium
575 3463 783 3560 paravisset?
811 3469 939 3539 Romae
953 3467 1152 3540 testamenta
1173 3463 1209 3538 &
1239 3491 1295 3538 or-

322 3592 349 3626 “
368 3587 445 3674 bos,
468 3586 565 3656 velut
582 3583 746 3681 indagine
774 3581 845 3683 ejus
873 3587 960 3684 capi.
1010 3586 1145 3661 Italiam
1163 3589 1196 3658 a
1216 3611 1296 3683 pro-

323 3711 349 3747 “
367 3703 511 3794 vincias,
531 3703 699 3777 immenso
715 3703 832 3778 fenore
849 3707 988 3780 hauriri.
1039 3711 1089 3779 At
1104 3704 1164 3780 srbi
1177 3706 1295 3780 labore

323 3832 350 3904 ‘,‘
370 3826 559 3923 quaesitam,
579 3828 612 3899 a
630 3825 805 3900 modicam
823 3827 1008 3925 pecuniam
1029 3827 1106 3904 effe.
1133 3825 1292 3917 Crimen,
