3076 4868
669 81 676 112 1

681 205 685 238 l

395 348 852 424 Auuhtrun‘Lts.
886 335 951 418 ln.
1164 369 1206 446 17

185 499 187 504 Ι
224 530 252 569 “
268 523 403 610 hostem
431 522 606 598 conciret?
637 521 777 596 adversa
804 521 840 594 in
864 519 1120 622 rempublicam
1148 542 1208 593 ca-

225 653 254 689 “
271 644 367 719 sura:
392 646 475 719 clim
499 641 661 742 prospere
678 643 813 742 egiffet,
840 639 1107 730 formidolosum
1130 639 1209 737 paci

225 772 253 808 ‘⁴
272 765 600 866 virum'infignem,
639 769 673 838 δι
704 763 834 860 ignavo
867 763 1022 860 Principi
1056 787 1209 860 praegra·

225 894 254 930 “
272 887 392 961 vem.''
441 887 553 985 Igitur
581 883 748 972 Claudius
777 882 864 958 aded
898 909 1030 956 novam
1055 883 1091 954 in
1120 884 1210 954 Ger-

223 1008 355 1082 manias
397 1007 472 1082 vim
515 1004 729 1104 prohibuit,
751 1025 790 1078 ut
824 995 939 1078 referri
973 1002 1128 1102 praefidia
1142 1000 1211 1075 cis

226 1131 397 1204 Rhenum
408 1125 560 1226 juberet.
990 1115 997 1124 ’

264 1252 362 1322 XX.
390 1251 476 1341 JAM
507 1247 615 1318 castra
641 1248 677 1320 in
703 1247 818 1320 hostili
847 1246 918 1319 solo
942 1246 1097 1318 molienti
1124 1249 1212 1319 Cor-
1287 1271 1311 1338 j
1356 1305 1358 1313 s

226 1355 367 1456 butoni,
385 1368 439 1438 hae
456 1364 561 1462 literae
577 1359 779 1438 redduntur.
818 1367 882 1438 Ille
899 1391 935 1438 re
947 1363 1070 1456 subita,
1088 1393 1212 1464 quarn-

228 1511 335 1584 quam
353 1487 463 1558 multa
486 1473 588 1558 firnul
608 1485 883 1574 offunderentur‚
902 1505 1016 1581 metus
1033 1512 1079 1558 ex
1091 1487 1215 1582 'Impe-
1319 1543 1320 1550 κ

157 1653 163 1660 ν-
225 1591 354 1696 farore,
389 1605 604 1702 contemptio
627 1631 672 1679 err
698 1606 866 1696 barbaris,
884 1606 1089 1680 *ludibrium
1118 1609 1215 1704 apud

227 1727 349 1820 socios,
388 1727 473 1800 nihil
505 1726 599 1800 aliud
633 1727 849 1824 prolocutus,
892 1729 1001 1826 quim
1036 1732 1213 1802 “Beatos

138 1869 141 1875 “
227 1849 458 1948 “quondam
493 1849 599 1922 duces
630 1850 856 1938 Romanos,”
890 1852 1028 1947 signum
1057 1849 1213 1946 receptui

227 1971 336 2044 dedit.
386 1972 441 2044 Ut
458 1989 576 2043 tamen
594 1968 693 2042 miles
708 1968 820 2042 otium
837 1989 994 2058 exueret,
1019 1969 1109 2042 inter
1127 1973 1213 2043 Mo·

227 2082 299 2166 sa'm
324 2093 578 2187 Rhenumque,
602 2088 710 2162 trium
728 2093 762 2161 δι
780 2087 906 2186 viginti
924 2087 1073 2162 millium
1090 2089 1213 2186 spatio,

227 2209 351 2286 fossam
377 2206 558 2310 perduxit,
590 2209 659 2306 qual
676 2207 806 2281 incerta
829 2193 962 2282 Oceani
989 2229 1212 2282 vetarentur:

230 2331 376 2431 insignia
397 2351 517 2404 tamen
544 2328 714 2425 triumphi
738 2329 876 2430 indulsit
898 2329 1023 2418 Caesar,
1052 2329 1215 2426 quamvis

229 2453 363 2526 bellum
382 2449 582 2550 negaviffet.
632 2451 712 2523 Nec
735 2448 848 2523 multo
871 2449 948 2548 pdst
971 2450 1121 2529 Curtius,
1136 2453 1215 2524 Ru-

227 2571 282 2646 fus
312 2572 479 2646 eur'ndem
510 2573 681 2658 honorem
717 2569 931 2669 adipiscitur,
972 2571 1034 2670 qui
1060 2571 1096 2645 in
1129 2576 1216 2671 agro

229 2693 402 2768 Mattiaco
428 2686 613 2767 recluserat
642 2693 778 2789 specuS,
811 2695 1010 2790 quaerendis
1040 2693 1137 2767 venis
1160 2719 1214 2765 ar·

231 2813 352 2911 genti:
382 2815 477 2886 unde
496 2812 610 2908 tenuis
637 2811 784 2901 studius,
812 2813 936 2885 necin
965 2813 1112 2911 longum
1137 2811 1214 2886 fuit.

218 2937 283 3006 ·At
308 2931 504 3029 legionibus
530 2959 612 3006 curn
630 2933 761 3006 damno
787 2933 899 3022 labor,
930 2933 1082 3008 effodere
1107 2933 1214 3023 rium,
1260 2944 1268 2952 “

232 3076 384 3152 quaeque
412 3051 448 3123 in
476 3072 595 3147 aperto
625 3051 756 3150 gravia,
784 3034 936 3126 humum
958 3053 1047 3127 infrd
1071 3055 1212 3128 moliri:
1269 3061 1291 3094 ·’

233 3175 312 3273 quis
332 3171 621 3261 submanantes,
649 3177 682 3246 δι
701 3173 782 3270 quia
800 3175 913 3271 plures
938 3201 1000 3272 per
1017 3175 1217 3272 provincias

232 3294 366 3370 similia·
378 3294 623 3383 tolerabantur,
650 3294 832 3392 componit
850 3296 1004 3369 occultas
1021 3295 1135 3369 literas
1153 3321 1215 3368 no·
1274 3378 1279 3390 Ι

234 3416 329 3491 mine
346 3411 579 3503 exercituum,
604 3415 818 3510 precantium
835 3417 1099 3513 Imperatorem,
1120 3421 1148 3457 “
1162 3434 1214 3505 ut,

236 3545 264 3580 “
283 3536 410 3636 quibus
436 3534 657 3634 permiffurus
679 3537 760 3609 effer
778 3530 964 3626 exercitus,
993 3531 1219 3633 triumphalia

236 3665 264 3701 “
282 3657 362 3734 ante
379 3656 581 3733 tribueret.”
845 3672 854 3680 “
1229 3659 1231 3666 ’

713 3776 743 3890 ‚0
