3006 4866
328 378 401 454 280
544 371 1095 452 C.Connrr113Tncrrr
1155 473 1160 478 ἠ

327 576 479 651 mixtos:
506 574 587 674 quia
614 601 679 651 nec
695 576 784 656 terra
810 575 910 666 olim,
934 573 992 648 led
1016 570 1173 646 claffibus
1197 551 1305 643 advess

326 699 523 787 hebantur,
546 697 607 796 qui
631 718 767 772 mutare
792 694 888 770 sedes
917 694 1139 792 quaerebant3
1176 695 1210 765 δι
1236 690 1305 783 im-

325 815 461 889 mensus
477 817 582 910 ultra,
608 837 718 916 utque
746 821 790 891 fic
816 815 981 906 dixerim,
1003 811 1164 888 adversus
1193 814 1305 885 Ocea·

326 962 391 1010 nus
425 938 506 1011 raris
533 941 578 1012 ab
606 937 690 1012 orbe
716 939 829 1012 nostro
861 937 1010 1011 navibus
1041 933 1165 1008 aditur.
1214 931 1306 1029 Qris
1417 1023 1421 1030 ¹

326 1057 444 1154 porro,
471 1079 596 1156 prater
621 1059 812 1156 periculum
836 1055 964 1131 horridi
989 1063 1022 1131 δι
1048 1054 1159 1154 ignoti
1188 1052 1304 1143 maris,

326 1181 423 1270 Asul,
453 1200 513 1252 aut
541 1179 674 1270 Africa,
703 1201 762 1254 aut
790 1179 887 1254 ltalia
915 1178 1047 1269 relius,
1081 1172 1307 1250 Germaniam

326 1318 458 1396 peteret
473 1304 499 1372 Ρ·
515 1297 703 1374 informem
732 1301 843 1392 terris,
869 1299 1019 1398 asperam
1048 1300 1149 1390 caelo,
1178 1295 1309 1372 tristem

327 1420 425 1493 cultu
441 1419 662 1520 aspetluque,
688 1423 749 1494 nisi
768 1423 914 1519 siparia
931 1425 980 1494 fit.
1030 1421 1216 1493 Celebrant
1232 1443 1308 1492 car-

327 1539 482 1613 minibus
500 1528 648 1638 antiquis
676 1544 791 1638 (quod
806 1569 915 1620 unum
927 1541 1022 1638 apud
1033 1540 1110 1614 illos
1127 1537 1310 1639 memoriae

329 1665 363 1732 &
386 1659 564 1732 annalium
580 1685 688 1757 genus
705 1662 771 1755 est)
795 1662 1045 1738 “Tuistonem
1070 1661 1192 1751 deum,
1220 1660 1309 1734 terra

328 1786 357 1822 “
374 1777 522 1868 editum,
560 1783 594 1850 &
623 1779 737 1856 filium
762 1782 954 1871 Mannum,
988 1780 1161 1877 originem
1193 1779 1312 1878 gentis

326 1903 355 1940 “
374 1896 647 1995 conditoresque.
698 1903 834 1974 Manno
860 1921 928 1973 tres
956 1901 1046 1974 filios
1062 1899 1263 1997 adsignant,
1287 1925 1309 1973 e
1352 1925 1357 1944 ‘

326 2025 527 2118 “quorum
546 2019 746 2093 nominibus
768 2021 919 2117 proximi
930 2024 1074 2095 Oceano
1089 2023 1310 2118 lngaevones,

329 2147 357 2183 “
376 2139 484 2216 medii
503 2140 731 2230 Hermiones,
761 2141 862 2215 ceteri
887 2141 1075 2215 Istaevones
1099 2141 1308 2214 vocentur.''

329 2259 485 2358 Qridam
512 2281 642 2352 autem,
673 2261 812 2334 licentia
834 2262 1025 2353 vetustatis,
1055 2269 1083 2306 “
1102 2263 1217 2359 plures
1239 2243 1312 2336 deo⁸

330 2388 358 2424 “
376 2401 485 2471 ortos,
525 2379 707 2480 pluresque
731 2383 843 2480 gentis
872 2382 1131 2480 appellationes,
1159 2381 1305 2473 Marsos,

326 2506 356 2545 “
375 2500 615 2592 Gambrivios,
665 2503 811 2592 Suevos,
853 2503 1070 2576 Vandalios''
1105 2505 1302 2577 affirmant:
1322 2499 1358 2534 ·'

328 2629 356 2664 “
374 2647 484 2719 eaque
501 2647 583 2695 vera
607 2625 640 2694 ὅτ
664 2623 806 2720 antiqua
829 2623 981 2696 nomina.
1005 2700 1009 2708 ,
1031 2625 1194 2698 Ceterum
1215 2625 1304 2695 Ger·
1332 2715 1335 2724 ¹
1372 2665 1375 2668 -

329 2741 501 2816 “mania
527 2745 741 2816 vocabulum
764 2768 897 2834 recens,
922 2749 955 2818 ac
985 2771 1096 2848 nuper
1119 2743 1303 2816 additumt

330 2869 358 2906 “
378 2862 559 2960 quoniam,
588 2863 648 2960 qui
674 2862 776 2961 primi
793 2865 959 2938 Rhenum
976 2864 1164 2963 transgreffi
1186 2865 1308 2938 Gallos·

332 2990 361 3026 “
378 2983 590 3081 expulerint,
608 3009 648 3057 ac
661 3010 754 3058 nunc
771 2983 925 3094 Tungri,
951 3005 1035 3060 tunc
1052 2985 1219 3096 Germapi
1240 3002 1314 3082 vo-‘

331 3110 360 3152 “
379 3104 445 3183 cati
470 3107 555 3178 fint:
583 3104 630 3178 ita
646 3103 792 3178 nationis
809 3131 952 3209 nomen,
980 3105 1196 3206 nongentis,
1224 3132 1307 3180 eva-

331 3229 359 3266 “
379 3225 476 3301 luiffe
501 3226 694 3322 paullatim,
718 3245 757 3298 ut
774 3203 909 3317 omnes,
936 3225 1090 3324 primum
1114 3255 1134 3300 a
1161 3227 1306 3318 vie‘lore,
1340 3232 1345 3243 “

302 3409 305 3420 .
331 3351 359 3388 “
378 3347 425 3421 ob
439 3364 586 3435 metum,
611 3372 732 3421 moxa
753 3345 864 3444 seipfis·
880 3347 1023 3421 invento
1051 3348 1205 3439 nomine,
1225 3348 1306 3420 Ger·-

325 3472 357 3509 “
369 3468 461 3544 ¹muni
477 3458 716 3540 iocarentur*
766 3475 793 3512 “
811 3455 926 3542 Fuisse
947 3471 1040 3566 apud
1064 3495 1122 3542 eos
1149 3471 1182 3540 δι
1211 3469 1307 3540 Het-

330 3593 358 3631 “
378 3587 518 3659 culem''
540 3605 759 3674 memorant3
786 3588 1011 3687 primumque
1035 3587 1195 3664 omniurn
1212 3587 1310 3668 viro-

310 3729 316 3738 ·
332 3732 410 3787 rum
426 3703 570 3785 fortium
587 3707 669 3788 ituri
683 3707 720 3784 in
737 3709 859 3814 proelia
875 3729 1016 3788 canunt.
