3076 4868
261 455 265 462 .
356 355 405 446 64
545 349 585 422 C.
626 349 892 422 Cornaarr
933 347 1135 422 Tacrrt

354 519 550 597 cohortium
563 523 608 593 ad
625 524 772 595 Burrum
785 519 985 614 Afranium,
1003 520 1150 620 egregie
1168 521 1325 596 militarit

352 643 466 731 fama,
502 667 651 739 gnarum
672 661 788 714 tamen
812 639 909 738 cujus
934 642 1056 740 sponte
1085 645 1325 740 praeficeretur.

311 788 316 800 ’
351 765 460 836 Suum
483 787 623 859 quoque
651 761 823 860 fastigium
854 751 1051 861 Agrippina
1080 765 1245 838 extollere
1274 766 1323 837 al-

351 882 432 973 tilis,
463 901 626 979 carpento
648 883 861 980 Capitolium
885 883 1035 982 ingredi,
1078 883 1139 981 qui
1163 909 1240 956 mos
1274 883 1325 958 sa-

278 1033 284 1054 ·
351 1003 562 1093 cerdotibus,
582 1007 616 1076 δὲ
639 1002 739 1076 sacris
760 1003 946 1101 antiquitus
965 1006 1156 1094 concellus,
1184 1029 1322 1100 venera-

351 1124 482 1198 tionem
503 1126 652 1222 augebat
677 1122 829 1214 feminae,
858 1149 966 1222 quarn
997 1123 1202 1220 imperatore
1226 1124 1323 1222 geni-

351 1263 437 1333 tam,
458 1243 607 1317 lororem
631 1242 703 1342 ejus
726 1245 787 1343 qui
809 1271 922 1320 rerum
946 1243 1073 1342 potitus
1102 1247 1152 1334 srt,
1178 1249 1211 1318 δι
1238 1271 1323 1319 con-

345 1363 484 1463 jugem,
521 1369 555 1438 δι
575 1385 720 1438 matrem
742 1361 853 1454 fu‘iffe,
873 1365 1016 1437 unicum
1045 1367 1090 1438 ad
1113 1367 1206 1438 hunc
1230 1365 1323 1442 diem

352 1487 556 1582 exemplum
582 1484 641 1555 est.
702 1485 805 1590 „lnter
838 1509 916 1579 quae
945 1483 1137 1578 praecipuus
1166 1511 1323 1584 propug-

299 1604 303 1621 ’
351 1627 452 1678 nator
472 1601 542 1700 ejus
557 1601 728 1690 Vitellius,
754 1600 957 1673 validimmt
987 1601 1107 1700 gratid,
1137 1623 1236 1676 aetate
1258 1617 1322 1676 ex'-

349 1725 460 1796 trcmd
491 1719 597 1816 (adel)
619 1719 759 1792 incertae
789 1719 865 1792 sunt
899 1721 1095 1816 potentium
1121 1726 1192 1818 res)
1220 1751 1323 1814 arcu.
1409 1776 1411 1778 .
1526 1729 1527 1770 l

236 1893 240 1909 .
350 1841 479 1916 satione
496 1839 691 1937 corripitur,
715 1839 888 1913 deferente
912 1841 1019 1936 Junio
1034 1845 1141 1940 Lupo
1156 1843 1321 1918 senatore.

351 1969 386 2039 Is
402 1962 544 2038 crimina
565 1959 757 2060 majestatis,
781 1961 1032 2060 &cupidinem
1051 1964 1186 2063 imperii
1207 1963 1323 2063 objec-

313 2171 317 2192 .
350 2087 457 2158 tabat.
506 2083 774 2182 Praebuilsetque
790 2109 888 2156 aures
899 2083 1021 2175 Caesar,
1040 2085 1099 2158 nisr
1117 2085 1323 2185 Agrippina

351 2205 456 2280 minis
474 2203 597 2304 magis,
616 2205 722 2302 quim
745 2203 903 2306 precibus
923 2226 1074 2280 mutatus
1093 2209 1185 2297 effer,
1202 2228 1242 2280 ut
1266 2233 1323 2281 ac-

352 2327 497 2402 cusatori
524 2329 613 2423 aqud
636 2345 742 2420 atque
767 2323 849 2421 igne
878 2325 1119 2402 interdiceret:
1157 2329 1323 2402 haetenus

351 2445 510 2518 Vitellius
528 2445 726 2514 voluerat.
843 2537 848 2545 Ι

400 2562 535 2638 XLIll.
573 2563 734 2644 Murri„
769 2586 825 2650 e0,
844 2588 936 2634 anno
969 2565 1138 2663 prodigia.
1164 2569 1322 2640 evenere.

350 2682 515 2759 Inseffum
543 2679 626 2752 diris
655 2680 776 2754 avibus
798 2682 1037 2780 Capitolium:
1070 2686 1198 2759 crebris
1223 2707 1322 2761 terrae

271 2805 278 2828 ⁸
350 2802 504 2876 motibus
517 2821 666 2897 prorutae
684 2802 837 2876 domus:
868 2829 908 2876 ac
924 2805 1010 2876 dum
1028 2805 1128 2878 latius
1144 2807 1321 2899 metuitur,

349 2922 578 3020 trepidatione
594 2923 707 3022 vulgi,
722 2923 894 2998 invalidus
912 2923 1056 3022 quisque
1072 2927 1198 3000 obtriti.
1236 2930 1323 3001 Fru-
1394 2957 1398 2968 ·

242 3065 244 3072 ·
351 3071 437 3141 gum
455 3069 597 3141 quoque
615 3045 757 3141 egestas,
783 3051 816 3118 ὅτ
833 3065 907 3118 orta
923 3071 967 3119 ex
984 3073 1026 3120 eo
1041 3045 1163 3138 fames,
1191 3047 1227 3120 in
1245 3074 1322 3146 pro·
1360 3061 1363 3075 ”

349 3163 485 3262 digium
511 3163 756 3260 accipiebatur.
805 3168 884 3238 Nec
912 3167 1042 3240 occulti
1069 3169 1203 3242 tantiam
1225 3168 1322 3267 ques-

301 3333 305 3341 ·
349 3306 426 3370 tus;
455 3283 513 3356 sed
528 3282 606 3380 jura
627 3283 830 3360 reddentem
853 3286 1042 3381 Claudium
1071 3289 1323 3364 circumvasdro
1356 3299 1362 3321 ‘

350 3405 560 3480 clamoribus
575 3404 743 3494 turbidis,
768 3405 977 3506 pulsumque
990 3407 1026 3480 in
1050 3429 1239 3480 extremam
1256 3406 1321 3481 fori

237 3583 251 3618 a
350 3547 481 3634 partem
499 3525 534 3598 vi
549 3527 733 3624 urgebant,
751 3527 864 3630 donec
882 3527 1033 3602 militum
1051 3529 1158 3625 globo
1175 3525 1323 3608 infensor

351 3647 514 3745 perrupit.
564 3647 779 3745 Qrindecim
797 3647 944 3722 dierum
957 3649 1119 3723 alimenta
1138 3648 1232 3722 Urbi
1249 3675 1321 3724 non

350 3767 499 3872 amplilrs
527 3767 727 3866 superfuille
761 3767 940 3843 constitit:
984 3772 1181 3869 magnaque
1212 3771 1319 3856 dedm
