3076 4868
409 379 745 454 'Anninus
775 373 1013 448 L1n.x11.
1160 374 1205 468 63

235 554 265 596 “
279 546 547 644 appellaretur.''
614 546 789 626 Additum
823 545 967 620 nomine
999 540 1073 642 ejus
1098 545 1210 616 dona.

231 666 345 746 tivum
373 666 491 757 militi,
510 667 730 766 congiarium
754 667 859 765 plebi,
910 669 958 742 Et
973 665 1108 740 ludicro
1130 665 1212 740 Cir·

231 792 399 878 censium,
418 789 516 886 quod
529 787 752 885 adquirendis
772 787 870 886 vulgi
886 787 1005 868 studiis
1026 786 1209 876 edebatur,

234 908 453 983 Britannicus
472 909 509 982 in
527 911 710 1006 praetexta,
727 910 826 982 Nero
841 907 1103 1006 triumphalium
1117 907 1214 982 veste

234 1027 419 1110 transvesti
442 1027 532 1113 sunt,
583 1030 756 1124 Speslaret
789 1030 937 1124 populus
962 1029 1057 1110 hunc
1084 1029 1211 1104 decore

104 1205 112 1221 ,
232 1149 473 1247 imperatorio,
493 1150 594 1226 illum
611 1147 734 1244 puerili
748 1149 869 1224 habitu
884 1179 894 1234 ;
920 1175 960 1227 ac
977 1148 1118 1246 perinde
1140 1148 1210 1222 for·

233 1289 358 1350 tunam
381 1267 558 1366 utriusque
579 1267 807 1364 praesumeret.
854 1268 981 1358 Simul,
1006 1269 1069 1367 qui
1089 1287 1211 1350 centu·

218 1388 375 1468 „tionum
395 1388 683 1485 tribunorumque
708 1387 835 1466 sortem
861 1387 1050 1469 Britannici
1075 1387 1211 1464 misera·

235 1512 375 1599 bantur,
412 1508 536 1582 remoti
561 1507 648 1580 fietis
677 1511 799 1597 causis,
830 1513 864 1582 ὅτ
892 1509 949 1584 alii
972 1536 1036 1607 per
1063 1508 1213 1607 speciem

233 1630 398 1706 honoris:
428 1628 532 1703 etiam
556 1628 759 1702 libertorum
776 1632 799 1701 sr
819 1630 896 1726 quis
912 1630 1110 1728 incorruptfi
1127 1632 1210 1719 fide,

182 1733 184 1748 ¹
233 1751 430 1848 depellitur,
463 1749 522 1822 tali
554 1753 743 1830 occasione.
798 1751 906 1824 Obvi'i
934 1751 1021 1826 inter
1040 1750 1087 1841 se,
1113 1753 1212 1826 Nero

233 1871 450 1952 Britannicum
489 1871 645 1960 nomine,
686 1872 744 1947 ille
785 1871 975 1962 Damnum,
1012 1873 1211 1951 salutavere.

234 1994 357 2090 Qrod‚
392 2012 446 2068 ut,
469 1991 647 2068 discordia:
684 1991 837 2081 initium,
880 1993 1076 2089 Agrippina
1099 1995 1212 2068 multo

234 2113 369 2212 questu,
404 2115 450 2186 ad
483 2111 649 2192 maritum
684 2109 814 2185 defert:
861 2117 888 2152 “
914 2103 1049 2206 sperni”
1082 2112 1212 2208 quippe

235 2239 264 2276 “
280 2234 533 2354 adoptionem
564 2255 727 2328 quaeque.
746 2228 938 2302 censuerint
964 2248 1088 2326 patres,
1106 2230 1212 2328 jusl'e,

235 2354 325 2434 “rit
364 2355 529 2449 populus,
564 2351 655 2424 intra
692 2368 832 2448 penates
860 2349 1047 2448 abrogari:
1078 2376 1119 2424 ac
1151 2349 1216 2436 nih

237 2479 266 2516 “
284 2471 444 2570 pravitas.
458 2491 528 2548 taur
553 2469 683 2544 insensa
699 2471 902 2544 docentium
918 2491 1084 2560 arceatur,
1108 2495 1213 2568 erup·

236 2601 353 2676 “tura
372 2593 410 2669 in
431 2592 611 2691 publicam
637 2591 866 2690 perniciem.''
914 2593 1126 2666 Commotus
1143 2591 1209 2683 his,

233 2719 327 2814 quasi
357 2713 573 2804 criminibus,
607 2713 790 2802 Claudius,
820 2712 997 2810 optimum
1033 2737 1212 2811 quemque

234 2836 453 2910 educatorem
470 2834 534 2917 lilii
549 2819 668 2915 exsilio
685 2861 725 2907 ac
743 2853 857 2909 morte
873 2833 992 2910 adficit
1009 2862 1018 2906 :
1047 2833 1213 2932 datosque

233 2958 436 3044 anoverch,
459 2955 625 3028 custodiae
649 2953 720 3052 ejus
744 2955 905 3052 imponit.

283 3075 402 3150 XLII.
428 3077 611 3152 Nouuunr
637 3095 753 3150 tamen
778 3075 914 3154 summa
942 3076 1057 3156 moliri
1081 3077 1212 3175 Agrip·

236 3195 320 3294 pina
337 3197 501 3284 audebat,
520 3195 555 3276 ni
573 3195 812 3292 praetoriarum
836 3198 1033 3272 cohortium
1051 3183 1135 3272 ¹cural
1151 3224 1212 3270 ex·

233 3315 445 3396 solverentur
461 3318 585 3388 Lusius
600 3318 702 3406 Geta,
723 3322 763 3390 δι’
774 3320 902 3396 Rufius
915 3318 1108 3417 Crispinus,
1126 3343 1213 3415 quos

235 3435 428 3518 Messalinae
444 3461 631 3525 memores,
650 3442 683 3510 llt
708 3437 823 3516 liberis
846 3437 919 3537 ejus
936 3440 1117 3514 devinstos
1138 3465 1213 3512 cre·

234 3560 348 3638 debat.
397 3558 511 3658 Igitur
525 3555 705 3638 “distrahi
721 3560 878 3641 cohortes
894 3560 1030 3635 ambitu
1045 3561 1245 3650 duorum‚·
1308 3625 1332 3654 ,.
1414 3587 1416 3597 ·

236 3685 264 3726 “
282 3685 330 3768 ὅτ,
357 3683 379 3754 sr
398 3682 444 3754 ab
462 3705 536 3754 uno
554 3698 769 3778 regerentur,
786 3679 1010 3754 intentiorem
1022 3678 1213 3772 foreldisci·

237 3806 264 3852 “
282 3801 438 3920 plinam’'
462 3799 683 3883 adseverante
699 3825 822 3892 uxore,
840 3799 1039 3882 transfertur
1056 3799 1214 3908 regimen

1024 4153 1045 4198 ἱ
