3120 4860
388 401 461 471 240
578 355 623 445 Css
659 371 926 474 ¹Cottu'atrr
969 371 1169 446 Tnorsr

386 551 443 622 sits
459 543 639 618 Vestinum
666 571 710 619 ex
742 545 865 618 intima
882 543 1055 630 sodalitate
1071 539 1237 639 coeperat,
1261 537 1390 622 ¹<sum

383 667 439 738 hic
460 664 636 762 ignaviam
660 665 830 764 Principis
849 666 984 764 penitus
1002 663 1179 762 cognitam
1195 659 1387 757 despicit,

381 785 440 858 isse
462 783 628 859 ferociam
659 786 762 860 amici
792 785 932 876 metuit,
962 783 1050 881 sape
1075 781 1200 880 asperis
1226 779 1387 854 facetiis

375 904 527 993 inlusus-3
554 933 633 1005 quae
651 907 713 982 ubi
732 908 889 980 multum
901 933 946 980 ex
962 931 1045 978 vero
1068 905 1218 992 traxere,
1234 927 1377 976 acrem

381 1026 433 1100 sus
447 1028 652 1102 memoriam
665 1028 876 1126 relinquunt.
903 1028 1100 1104 Accesserat
1109 1047 1232 1121 repens
1243 1021 1379 1114 causa,

382 1147 480 1245 quod
509 1150 671 1224 Vestinus
696 1149 863 1222 Statiliam
887 1145 1108 1221 Messalinam
1135 1143 1384 1218 matrimonio

382 1269 445 1343 sibi
464 1267 654 1367 junxerat,.
674 1271 769 1344 haud
803 1268 933 1342 nescius
957 1267 1047 1339 inter
1084 1265 1260 1338 adulteros
1298 1263 1379 1362 ejus

375 1393 418 1464 ¹&
442 1391 609 1466 Caesarem
635 1394 713 1464 esse.

391 1505 394 1518 ’
431 1513 573 1585 LXIX.
607 1514 747 1583 loiron
781 1533 853 1581 non
883 1509 1039 1596 crimine,
1064 1529 1136 1580 non
1165 1503 1380 1580 accusatore

382 1629 575 1718 exfistente,
606 1628 689 1724 quia
712 1627 860 1724 speciem
880 1626 1013 1724 judicis
1031 1627 1174 1698 inducre
1198 1653 1277 1724 non
1306 1653 1377 1725 poa

351 1761 479 1837 terat,
514 1749 559 1819 ad
587 1746 662 1818 vim
700 1745 949 1818 dominationis
987 1743 1186 1832 conversus,
1218 1749 1380 1821 Geresa-

382 1893 489 1958 num,¹
504 1865 703 1955 tribunum,
728 1891 812 1938 cum
840 1867 983 1938 cohorte
1007 1864 1157 1936 militum
1174 1865 1376 1942 immittit:

375 1986 549 2086 jubetque
585 1993 612 2027 “
627 1987 812 2082 praevenire
836 2005 977 2058 conatus
1005 1984 1165 2074 confusis,v
1186 2009 1379 2084 occupare

383 2115 412 2150 “
428 2107 525 2180 velut
543 2131 661 2180 arcem
678 2102 763 2202 ejus,
786 2105 982 2202 opprimere
1005 2108 1175 2179 desectam
1192 2104 1373 2202 juventu-

383 2237 413 2272 “
430 2229 544 2318 tem,'’
582 2225 663 2323 quia
699 2225 861 2298 Vestinus
901 2226 1120 2299 imminentes
1149 2227 1225 2300 foro
1256 2229 1372 2320 aedes,

382 2353 578 2445 decoraque
595 2344 742 2435 servitia,
769 2352 803 2420 ὅτ
834 2329 907 2444 pari
924 2368 1023 2420 atate
1039 2349 1199 2420 habebat.
1224 2350 1371 2424 cuncta

206 2499 210 2514 ¹
274 2528 278 2551 t
380 2499 427 2545 eo
448 2469 507 2542 die
527 2466 646 2540 munia
669 2464 816 2539 consulis
840 2465 1061 2564 impleverat,
1087 2468 1372 2568 conviviumque

379 2591 591 2677 celebrabat,
615 2585 885 2677 nihilmetuens,
914 2613 958 2660 an
979 2588 1368 2682 dissimulando-metu,

381 2712 464 2786 com
477 2709 614 2806 ingreffi
630 2705 757 2780 milites
780 2707 936 2780 “vocari
953 2734 1034 2780 eum
1052 2731 1072 2781 a
1088 2708 1257 2782 tribuno”
1283 2709 1369 2782 dix·

382 2832 453 2904 ere.
513 2830 591 2917 Ille,
616 2825 703 2900 nihil
725 2829 942 2918 demoratus,
965 2827 1139 2927 exsurgit:
1176 2834 1210 2902 ὅτ
1242 2829 1368 2903 omnia

382 2951 485 3026 simus
519 2966 771 3045 properantum
807 2949 981 3040 clauditur
1005 2949 1170 3022 cubiculo
1183 2978 1194 3035 ;
1235 2950 1365 3048 praesto

381 3071 432 3146 est
461 3067 641 3153 medicus3
668 3067 917 3142 abscinduntur
944 3094 1042 3143 venae
1057 3099 1068 3156 3
1097 3069 1222 3169 vigens
1246 3072 1365 3144 adhuc

380 3193 507 3266 balneo
523 3186 693 3272 infertur3
721 3187 832 3261 calidas
848 3171 938 3285 aquas
954 3189 1127 3281 mersatur,
1149 3193 1246 3266 nulla
1270 3190 1365 3264 editt

270 3357 272 3362 ·
381 3335 483 3400 voce,
519 3310 590 3406 qua
611 3305 715 3380 semet
739 3305 964 3382 miseraretur.
1025 3311 1243 3385 Circumdati
1271 3311 1360 3382 inte·

381 3431 448 3504 rim
476 3427 640 3516 custodis,
679 3427 750 3524 qui'
768 3429 866 3501 simul
892 3429 1149 3522 discubuerant,
1187 3455 1266 3520 nec,
1299 3427 1361 3501 nisi

366 3551 546 3649 ‘provecta
577 3548 691 3637 noue,
712 3547 824 3646 omiffi
858 3547 950 3639 sunt,
984 3551 1166 3648 postquam
1189 3531 1360 3646 pavorem

383 3695 522 3758 eorum,
546 3693 591 3740 ex
614 3671 733 3743 mensa
746 3667 892 3743 exitium
918 3670 1186 3768 opperientium,
1209 3673 1242 3742 ὅτ
1266 3667 1355 3742 ima-

151 1817 158 1846 s
