3126 4864
368 379 435 475 ¹5⁶
585 375 628 446 C.
666 375 909 448 C-onuaatr
938 349 1116 452 Tacrri

363 569 475 624 terum
501 521 636 646 impetu
658 565 817 644 captum;
837 547 898 645 qui
917 546 1065 646 primam
1090 545 1167 620 vim
1189 546 1333 648 depule-

281 715 284 722 ι
361 687 450 757 rant,
488 666 665 742 obsidione
693 685 875 766 coguntur.
942 670 1049 741 Unde
1078 667 1119 740 in
1152 667 1331 768 regionem

361 786 626 862 Tauraunitium
658 788 890 886 transgressus,
927 786 1153 886 improvisum
1199 790 1333 886 peticu-

362 907 438 982 lum
462 907 595 984 vitavit.
643 905 764 983 ‘Nam‘
782 909 876 981 haud
914 909 1051 1008 procul
1067 908 1216 982 tentorio
1246 908 1331 1007 ejus,

364 1053 439 1104 non
462 1027 627 1128 ignobilis
655 1033 815 1106 barbarus
841 1055 924 1104 curn
949 1030 1018 1102 telo
1046 1049 1208 1126 repertus,
1238 1032 1334 1104 ordi-

363 1174 452 1222 nem
474 1149 688 1242 infidiamm,
713 1151 815 1250 seque
843 1151 1034 1241 auctorem,
1067 1155 1100 1244 St
1133 1148 1256 1224 socios,
1271 1175 1336 1248 per

363 1285 537 1348 tormenta
558 1271 686 1346 edidit:
714 1271 934 1370 conviffique
961 1275 994 1344 ὃς
1020 1269 1132 1370 puniti
1157 1269 1246 1361 sunt,
1269 1271 1335 1368 qui

364 1389 476 1488 specie
491 1391 650 1465 amicitiae
667 1393 792 1466 dolum
808 1395 984 1489 parabant.
1034 1393 1113 1464 Nec
1131 1391 1243 1472 multo
1260 1390 1337 1488 post

364 1511 470 1609 legati
486 1511 736 1609 Tigranocerta
760 1511 860 1598 miffi,
887 1518 914 1556 “
932 1512 1048 1607 patere
1073 1511 1230 1584 moenia”
1253 1511 1336 1584 affe·

364 1651 461 1721 runt,
488 1639 515 1674 “
532 1631 680 1704 intentos
697 1631 879 1726 populares
906 1631 952 1702 ad
971 1628 1110 1728 juffa;”
1132 1631 1243 1702 fimul
1257 1629 1338 1702 hos-

347 1749 470 1846 «pitale
484 1749 632 1838 donum,
655 1773 821 1824 coronam
834 1773 986 1840 auream,
1004 1749 1194 1822 tradebant.
1222 1755 1337 1824 Acce.

365 1868 485 1967 pitque
518 1861 599 1942 cum
625 1869 767 1958 honore,
791 1893 855 1942 nec
883 1867 1077 1966 quidquam
1098 1867 1177 1942 urbi
1200 1869 1336 1943 detrac-

364 2013 457 2081 tum,
484 1988 555 2088 qud
587 1988 782 2098 promptius
814 1971 1019 2096 obsequium
1055 1987 1181 2088 integri
1209 1988 1334 2064 retine.

364 2132 452 2186 rent.

414 2235 535 2312 XXV.
561 2236 622 2308 Ar
651 2255 881 2306 PRAEstmth
915 2231 1068 2331 regium,
1103 2233 1199 2329 quod
1234 2229 1346 2306 ferox*

359 2355 526 2456 juventus
542 2352 716 2441 clauserat,
746 2377 817 2432 non
847 2355 916 2430 fine
943 2351 1130 2428 certamine
1152 2379 1337 2454 expugna-

365 2498 442 2550 tum
466 2473 539 2548 esta
574 2495 656 2546 nam
684 2474 718 2542 δι
747 2471 912 2567 proelium
930 2499 995 2569 pro
1012 2474 1118 2546 muris
1129 2478 1203 2551 aust
1225 2493 1336 2565 erant,

367 2600 401 2668 δι
419 2594 503 2692 pulfi
520 2590 609 2662 intra
624 2589 840 2663 munimenta
857 2591 1008 2692 aggeris,
1039 2595 1186 2668 demum
1215 2598 1249 2666 ὅτ
1283 2595 1338 2666 in-

364 2710 614 2810 rumpentium¹
631 2709 735 2784 armis
768 2708 913 2786 cessere:
941 2737 1020 2808 quae
1049 2711 1182 2820 faeilius
1211 2697 1339 2810 pro've-

365 2833 521 2920 niebant,
540 2830 622 2928 quia
637 2830 757 2905 Parthi
774 2833 944 2928 Hyrcano
968 2834 1061 2906 bello
1077 2833 1339 2914 distinebantur.

364 2949 604 3050 Miserantque
622 2951 780 3048 Hyrcani
812 2957 857 3028 ad
888 2951 1089 3050 Principem
1115 2957 1337 3047 Romanum,

363 3074 562 3148 societatem
579 3092 729 3162 oratum,
758 3073 935 3146 “attineri
962 3100 982 3147 a
1009 3072 1042 3146 se
1059 3057 1253 3174 Vologesen
1271 3099 1337 3173 pro

332 3241 334 3253 -
367 3193 557 3291 “pignore
574 3177 756 3268 imicitiae”
774 3193 1005 3270 ostentantes:
1032 3220 1091 3268 eos
1106 3197 1337 3294 regredientes

365 3316 535 3406 Corbu10,
554 3339 598 3389 ne
617 3315 826 3412 Euphraten
836 3316 1040 3414 transgredi,
1059 3317 1207 3390 hostium
1225 3316 1338 3388 custo·

364 3435 431 3510 diis
459 3434 803 3536 circumvenirentur,
839 3437 921 3508 dato
954 3436 1125 3534 praesrdi0,
1156 3435 1201 3507 ad
1235 3433 1338 3507 litora

265 3543 267 3549 ¹
363 3556 468 3630 maris
494 3555 610 3630 Rubri
627 3555 797 3630 deduxitt
837 3559 932 3630 unde
976 3557 1091 3630 vitatis
1129 3555 1336 3638 Parthorum

365 3677 505 3770 finibus,
520 3677 646 3779 patrias
664 3676 699 3762 in
714 3673 808 3753 sedes
824 3677 1031 3758 remeavere,

1524 966 1532 1071 ν’
