3006 4866
475 359 893 470 Garamanta}
937 395 994 414 ’·
1102 363 1240 462 205,

119 532 121 538 '
196 541 286 646 aaa
298 514 547 642 pror-apruna,
561 527 1175 639 attonainsurgerenauaucrtum=

196 691 259 765 per
283 666 432 740 humum
452 653 684 735 evolvuntur:
709 660 822 758 eoque
847 659 960 733 omnis
987 657 1179 757 superstitio
1243 685 1245 694 ‘

153 853 162 873 „
191 779 347 883 iespicit,
365 781 645 881 tamquam-inde
665 779 762 852 initia
786 781 911 878 gentis,
939 780 991 854 ibi
1018 798 1180 878 regnator

197 905 362 980 omnium
374 906 474 994 deus,
489 923 600 978 cetera
611 900 759 999 subjesta
771 920 876 998 atque
887 900 1049 998 parentia.
1100 903 1179 974 Ad-
1261 889 1264 901 s

193 1025 271 1127 jicit
304 1023 544 1099 auuoatatem
565 1021 717 1096 *fortuna
750 1025 987 1096 Semnonum:
1037 1041 1181 1098 centum

96 1203 98 1207 .
197 1145 298 1246 pagis
316 1139 539 1220 habitantur:
568 1167 770 1242 magnoque
792 1154 939 1240 corpore
964 1143 1122 1234 efficitur,
1140 1149 1179 1218 ut
1236 1145 1237 1156 ’

199 1269 233 1344 se
249 1259 446 1350 Sueiorum
462 1265 742 1362 caputeredant.
776 1350 777 1361 χ
913 1248 915 1253 ’

248 1390 333 1462 XL.
358 1388 528 1461 Conana
546 1387 805 1484 Langobardos
822 1385 978 1484 paucitas,¹
997 1386 1177 1460 nobilitat:

197 1504 359 1606 'plurimis
370 1535 411 1582 ac
428 1506 660 1584 valentiffimis
677 1506 876 1582 nationibus
894 1507 1012 1598 cincti,
1029 1533 1101 1580 non
1114 1531 1181 1604 ‘per

198 1628 419 1726 obsequium,
450 1629 509 1702 sed
534 1627 664 1726 proeliis
690 1633 724 1702 &
750 1627 981 1724 periclitando
1003 1627 1071 1699 tuti
1087 1626 1177 1701 su'ntr

198 1749 381 1847 Reudigni
405 1749 557 1834 deinde3
590 1753 624 1822 &
643 1747 815 1838 Aviones,
842 1753 877 1822 &
904 1749 1031 1847 Angli,
1059 1749 1181 1832 &Va-
1287 1784 1289 1790 ¹

174 1866 275 1960 «tini,
299 1876 333 1946 ὅτ
345 1871 521 1966 Eudoses,
543 1874 577 1943 &
594 1871 801 1960 Suardonm,
821 1873 854 1944 &
872 1870 1086 1960 Nuithones,
1112 1872 1179 1943 flu-

197 1991 354 2088 minibus
370 2011 430 2070 aut
446 1989 536 2062 silvis
554 1988 759 2061 muniuntur
773 1975 788 2060 r¹
814 2013 879 2060 nec
905 1989 1101 2090 quidquam
1118 2017 1182 2066 no-

198 2111 305 2184 tabile
322 2110 358 2182 in
371 2108 525 2207 singulis,
544 2107 606 2180 nifi
617 2109 715 2204 quod
728 2107 765 2178 in
782 2132 970 2180 commune
987 2110 1185 2200 Herthum,

190 2230 311 2320 idest,
329 2229 475 2302 Terram
492 2245 641 2305 matrem
656 2227 790 2318 colunt,
808 2249 958 2324 eamque
975 2228 1183 2304 intervenire

198 2355 302 2425 rebus
319 2347 525 2444 hominum,¹
547 2345 663 2420 invehi
680 2345 831 2445 populis,
849 2347 1069 2422 arbitrantur.
1119 2350 1183 2424 Est

200 2473 239 2546 in
262 2469 370 2544 insul&
386 2467 520 2542 Oceani
536 2467 670 2542 castum
686 2494 823 2571 nemus,
842 2468 997 2564 dicatum
1013 2470 1050 2544 in
1066 2497 1109 2546 eo
1121 2497 1184 2544 ve-

93 2601 97 2605 ’
200 2590 374 2683 hiculum,
397 2590 489 2666 veste
506 2590 717 2680 comestum,
736 2589 907 2694 attingere
930 2592 993 2666 uni
1016 2581 1184 2697 sacerdoti

147 2758 151 2768 ·
200 2687 414 2792 concellum.
462 2714 496 2786 Is
526 2711 639 2784 adesse
674 2693 841 2808 penetrali
871 2713 975 2786 deam
1002 2712 1180 2810 intelligit,
1227 2793 1261 2820 ,ι

202 2835 411 2930 vastamque
436 2833 553 2906 bubus
577 2831 715 2906 seminis
732 2833 843 2906 mults
858 2857 946 2906 curn
964 2833 1185 2907 veneratione

203 2953 432 3054 prosequitur.
460 2981 465 2995 ·
481 2937 575 3026 Lae'ti
590 2971 673 3028 ωηο
688 2953 775 3044 dies,
793 2951 876 3026 festa
892 2954 983 3045 loca»,
1002 2979 1181 3051 quaecum·

90 3149 94 3155 ,
202 3101 276 3173 que
300 3076 455 3148 adventu
484 3073 703 3173 hospitioque
731 3074 925 3172 dignatur(
971 3077 1058 3150 Non
1090 3078 1182 3152 bella

202 3195 337 3286 ineunt,
355 3221 427 3270 non
448 3181 545 3271 arma
564 3195 720 3286 sumunt,
737 3193 889 3270 clausum
907 3221 1011 3270 omne
1028 3195 1182 3298 serrum3

198 3321 275 3413 ‘pax
292 3319 325 3388 &
343 3316 437 3414 quies
449 3337 534 3391 tunc
545 3318 683 3390 tantum
699 3336 794 3408 nota,
808 3337 893 3392 tunc
903 3319 1041 3392 tanturn
1053 3337 1181 3410 amata,

204 3438 321 3520 donec¹
342 3437 437 3510 idem
460 3436 615 3511 sacerdos
639 3437 792 3513 satiatam
817 3439 1071 3513 conversatione
1088 3443 1180 3513 mor-

204 3558 330 3632 talium
346 3559 449 3632 deam
475 3560 610 3655 templo
635 3559 780 3642 reddat:
809 3584 895 3630 mox
919 3559 1121 3632 vehiculum
1148 3564 1183 3633 &
1293 3605 1295 3610 ·

206 3675 332 3769 vestes,
363 3681 412 3769 &‚
445 3681 468 3752 fi
492 3679 631 3754 credere
645 3679 744 3770 velis,
761 3672 1037 3776 ¹numen'ipsum
1054 3679 1183 3754 secreto
1203 3759 1206 3766 ,

113 3857 116 3868 .
207 3797 287 3874 lacu
304 3799 467 3878 abluitur.
515 3800 612 3878 Servi
630 3799 837 3893 ministrant,
856 3826 945 3900 quos
961 3800 1072 3876 statim
1088 3799 1184 3874 idem

670 3923 705 4034 X,
