3006 4866
321 283 432 444 all—38,
511 335 1098 448 C.Con1raar1Tnc,rr-t

317 515 461 592 baverit.
499 516 597 588 Tum
613 513 649 587 in
666 513 739 612 ipso
755 513 917 606 concilio,
942 516 999 620 vel
1019 509 1311 614 principumali-

316 637 406 734 quis,
431 637 487 708 vel
518 655 626 734 pater,
655 638 711 710 vel
730 636 948 734 propinquus
975 635 1071 730 scuto
1095 633 1307 734 framedq‘ue

307 756 475 854 juvenem
504 777 651 830 ornant:
682 759 757 832 haec
784 741 879 854 apud
911 757 988 831 illos
1016 775 1112 854 toga,
1146 755 1203 828 hic
1226 754 1304 854 pri-

312 905 391 952 mus
408 877 563 976 juventa
581 880 719 952 honos:
750 879 913 952 antehoc
938 859 1063 950 domus
1080 867 1156 974 pars
1173 875 1300 948 viden-

311 1019 382 1090 tur,
405 1025 492 1072 mox
508 998 721 1096 reipublicae.
760 999 905 1097 Insignis
922 997 1096 1090 nobilitas,
1114 1015 1173 1070 aut
1191 1017 1293 1093 mag-

312 1146 358 1194 na
385 1139 526 1217 patrum
552 1119 686 1208 merita,
719 1113 880 1216 principis
909 1118 1152 1216 dignationem
1186 1117 1305 1193 etiam.
1407 1117 1411 1122 ’

225 1279 229 1286 ·
314 1239 576 1314 adolescentulis
600 1241 790 1338 adsignant.
840 1239 953 1312 Ceteri
982 1237 1226 1314 robustioribus
1250 1263 1295 1342 ac

305 1359 518 1461 jampridem
541 1361 693 1459 probatis
710 1381 968 1459 aggreganturz
999 1385 1063 1434 nec
1086 1363 1191 1434 rubor
1207 1359 1297 1432 inter

312 1482 597 1582 comites-aspici.
648 1483 785 1554 Gradus
807 1463 997 1578 quinetiam
1027 1480 1159 1577 &ipse
1185 1480 1295 1580 comi·
1363 1472 1365 1482 ’

312 1605 542 1700 ῐαῑυεζὴαὸεῐ,
563 1596 697 1698 judicio
725 1599 809 1696 ejus,
840 1626 946 1696 quem
968 1598 1175 1678 sectantum
1194 1625 1294 1696 mag·
1395 1619 1397 1626 ’

313 1748 428 1819 traque
446 1727 479 1794 &
498 1721 667 1792 comitum
684 1719 870 1808 aemulatio,
897 1719 1025 1815 quibus
1047 1721 1180 1814 primus
1198 1722 1294 1818 apud

312 1840 517 1972 principem
521 1836 620 1912 suurn
637 1840 755 1925 locus;
783 1841 817 1910 dc
836 1837 1047 1935 principum,
1074 1865 1131 1910 cur
1122 1839 1294 1974 plurimi

312 1967 346 2034 sc
375 1960 536 2035 acerrimi
565 1959 722 2033 comites
777 1960 871 2033 Haec
899 1957 1061 2056 dignitas,
1094 1961 1148 2032 hae
1183 1961 1290 2052 vires,

311 2105 444 2181 magno
461 2080 594 2179 semper
611 2076 834 2154 elestorum
820 2103 991 2177 Juvenum
1012 2079 1171 2177 globo
1142 2103 1290 2172 cucum-

207 2199 213 2206 ’
307 2201 399 2293 dari,
436 2200 473 2274 in
499 2219 586 2300 'pace
615 2203 734 2291 decus,
764 2199 801 2272 in
834 2202 926 2274 bello
952 2199 1160 2297 praesidium.
1210 2203 1288 2276 Nec

309 2325 421 2398 soldm
434 2322 470 2394 in
483 2320 540 2394 sua
553 2341 656 2419 gente
673 2321 812 2418 cuique,
832 2319 889 2394 sed
902 2321 997 2417 apud
1013 2321 1178 2396 finitimas
1200 2349 1286 2421 quo·

309 2442 546 2544 quecivitates
571 2441 608 2514 id
629 2467 773 2532 nomen,
804 2467 843 2514 ea
869 2441 1066 2539 gloriaest,
1095 2445 1117 2515 fi
1142 2468 1287 2516 numero

307 2589 349 2636 ac
377 2562 501 2636 virtute
528 2563 713 2637 comitatus
739 2562 916 2636 emineat:
950 2582 1159 2660 expetuntur
1190 2561 1285 2636 euim

216 2717 219 2728 s
307 2683 552 2782 legationibus,
582 2690 615 2758 δι
646 2685 846 2769 muneribus
864 2702 1040 2774 ornantur,
1071 2683 1190 2780 &ipsa
1208 2685 1282 2802 ple-

309 2829 461 2901 rumque
475 2803 566 2878 fama
589 2801 681 2878 bella
697 2804 892 2903 profligant.

356 2928 455 3000 XIV.
490 2927 581 3014 Cum
612 2945 757 2998 ventum
783 2923 820 2996 in
852 2924 976 3015 aciem,
1010 2944 1109 3024 turpe
1140 2926 1286 3060 principi

306 3045 432 3118 virtute
450 3045 565 3132 vinci3
595 3066 693 3142 turpe
718 3045 911 3134 comitatui,
940 3045 1105 3118 virtutem
1122 3018 1285 3144 principis

306 3190 378 3236 non
395 3166 589 3262 adaquare.
628 3168 708 3260 jam
726 3190 807 3236 vero
791 3164 975 3238 infame
966 3193 1002 3238 rn
1020 3193 1162 3240 omnem
1176 3169 1285 3242 vitam

108 3317 110 3324 ·
205 3367 209 3376 Ι
306 3309 347 3357 ac
381 3285 599 3380 probrosum,
629 3285 844 3382 superstitem
875 3286 1023 3384 principi
1050 3288 1119 3380 suov
1139 3290 1285 3385 exacie

271 3405 479 3476 treceffiffe'·
539 3407 646 3478 Illum
680 3403 877 3496 defendere,
908 3407 1009 3498 tueri,
1054 3407 1113 3482 sua
1142 3436 1284 3508 quoque

195 3541 197 3546 ·
305 3520 405 3600 fortia
427 3519 516 3596 facia
535 3525 653 3622 gloriae
673 3523 743 3622 ejus
770 3528 961 3625 adsignare,
989 3528 1205 3625 praecipuum
1232 3528 1287 3602 sae

308 3665 524 3722 eramentum
543 3644 602 3717 est.
652 3644 829 3742 Principes
854 3643 918 3745 pro
935 3647 1076 3720 victorie
1097 3671 1282 3746 pugnant:

308 3763 451 3848 comites
468 3775 532 3861 pro
554 3764 723 3862 principe.
767 3766 802 3840 Si
815 3767 948 3860 civitas,
971 3767 1008 3842 in
1026 3772 1094 3866 qud
1110 3769 1175 3842 orti
1191 3767 1303 3861 sunt‚:
