3126 4864
288 492 292 506 ,
396 403 981 488 normano-rama
1132 421 1198 507 τῃ

232 641 237 650 .
279 583 411 670 xxvi.
437 588 600 682 Qut&
614 583 810 674 Tiridaten,
838 608 899 680 per
925 579 1057 658 Medos
1083 597 1197 654 extre-

230 731 287 780 ma
321 704 496 780 Armeniae
521 703 721 794 intrantem,
751 704 922 802 praemiffo
954 727 1035 776 cum
1063 698 1198 774 auxiliis

230 827 402 900 Verulano
419 828 548 924 legato,
566 844 671 922 atque
688 823 758 921 ipse
774 823 969 921 legionibus
986 822 1077 912 citis,
1103 821 1199 894 abire

230 949 365 1044 procul,
397 973 438 1018 ae
470 943 566 1042 spem
592 944 675 1018 belli
690 943 846 1017 amittere
861 941 1016 1040 subegit:
1044 941 1199 1040 quosque
1272 1003 1274 1010 ,

229 1068 342 1158 n'obis,
360 1070 408 1142 ob
424 1091 557 1164 regem,
570 1063 700 1138 auersos
715 1063 840 1138 animis
857 1071 1081 1159 cognoverat,
1093 1062 1213 1148 caedi„

209 1192 213 1198 '
229 1190 295 1262 bus
308 1193 342 1262 br
355 1186 535 1276 incendiis,
553 1186 813 1282 perpopulatus,
830 1185 1063 1280 possessionem
1075 1190 1201 1258 Arme·

231 1307 298 1382 niae
315 1305 526 1402 usurpabat:
555 1305 639 1378 cum
655 1303 796 1378 advenit
812 1303 997 1404 Tigranes,
1018 1332 1038 1377 a
1058 1307 1202 1384 Nerone

216 1407 276 1500 ad
294 1427 537 1524 capessendum
554 1421 742 1522 imperium
759 1425 936 1513 derectus,
949 1426 1203 1524 Cappadocum

231 1571 276 1621 ex
293 1546 485 1650 nobilitate,
509 1545 603 1643 tegis
622 1544 785 1618 Archelai
802 1569 927 1642 nepos;
953 1545 1010 1618 sed
1028 1543 1203 1642 qubddiu

232 1665 328 1738 obses
344 1667 438 1763 apud
456 1668 593 1740 Urbem
610 1661 731 1755 suerat,
749 1665 868 1763 ·usque
896 1667 941 1738 ad
966 1664 1123 1740 servilem
1141 1691 1204 1762 pan

179 1813 198 1850 e
230 1785 387 1862 tientiam
404 1785 580 1886 demissus.
630 1786 709 1873 Nec
737 1784 1107 1883 consensuacceptus,
1136 1786 1203 1858 du·
1319 1860 1324 1866 ,
1462 1849 1470 1862 1

232 1927 327 1982 rante
342 1893 623 2005 apudquosdam
638 1906 757 1981 favore
774 1905 1043 1982 Arsacidarum:
1069 1926 1103 1980 at
1127 1909 1201 2003 ple·

230 2026 338 2124 rique.
352 2027 549 2125 superbiam
564 2027 774 2100 Parthorum
791 2029 912 2120 perosi,
937 2026 1058 2098 darum
1081 2051 1101 2098 a
1125 2030 1201 2100 Ro-

156 2137 158 2143 ¹
230 2148 341 2224 manis
357 2173 478 2246 regem
495 2149 683 2220 malebant.
734 2143 908 2217 Additum
936 2145 970 2212 δι
994 2141 1201 2237 praefidium‚

231 2268 327 2348 mille
354 2265 549 2368 legionarii,
568 2285 645 2338 tres
672 2262 1034 2353 sociorumcohortes,
1054 2263 1203 2360 duaeque

211 2388 392 2486 equitum
411 2387 503 2460 alre:
551 2389 585 2458 δι
628 2383 700 2482 qud
728 2381 860 2458 facilius
874 2409 1022 2458 novum
1054 2407 1204 2482 regnum

232 2526 396 2596 tueretur,
416 2531 493 2606 pars
510 2507 700 2596 Armenia,
724 2526 764 2580 ut
780 2504 905 2602 cuique
927 2503 1088 2594 finitima,
1113 2506 1204 2581 Pha-

175 2637 179 2644 '
231 2626 375 2702 immani
392 2627 645 2726 Polemonique
661 2627 864 2702 Aristobulo
888 2645 992 2723 atque
1024 2625 1204 2710 Antiocho

80 2790 85 2798 ·
173 2847 177 2860 x
233 2750 349 2844 pardre
370 2747 469 2844 juffae
497 2747 586 2822 sunt.
615 2749 794 2822 ¹Corbulo
821 2747 864 2820 in.
881 2747 1016 2844 Syriam
1037 2733 1204 2838 absceffit,

181 2923 184 2930 .
233 2885 343 2938 morte
363 2868 541 2942 Ummidii
556 2868 661 2968 legati
677 2893 838 2958 vacuam,
858 2893 900 2940 ac
917 2867 978 2942 fibi
995 2867 1203 2964 permissam:

240 3047 243 3054 ,
298 2988 451 3062 XXVII.
494 2991 639 3062 Eooum
668 3013 774 3080 anno,
809 3013 853 3065 ex
881 2987 1081 3068 inlustribus
1114 2992 1206 3062 Afiae

234 3106 392 3197 urbibus,
410 3106 588 3182 Laodicea
613 3127 763 3184 tremore
790 3129 889 3184 terrae
914 3105 1082 3206 prolapsa,
1108 3110 1208 3182 nullo

233 3227 379 3301 anobis
404 3228 571 3318 remedio,
601 3228 751 3327 propriis
779 3229 906 3326 opibus
934 3228 1091 3302 revaluit.
1155 3235 1210 3305 At

232 3346 270 3426 in
288 3346 518 3438 haliaeetus
533 3347 707 3446 oppidum
724 3349 873 3440 Puteoli,
898 3347 956 3447 jus
967 3367 971 3382 ’
984 3349 1144 3438 coloniae,
1171 3353 1207 3422 &

125 3507 128 3514 ·
233 3488 511 3567 cognomentum
538 3494 558 3542 a
581 3470 724 3543 Nerone
752 3469 992 3568 adipiscuntur.
1044 3470 1207 3546 Veterani

233 3588 493 3664 Tarentum&
523 3589 672 3664 Antium
700 3589 875 3688 adscripti,
911 3609 1123 3666 nontamen
1151 3591 1206 3664 in·

200 3701 204 3710 “
233 3705 436 3807 frequentia
460 3710 619 3784 locorum
644 3709 847 3801 subvendre,
880 3712 1016 3810 dilapfis
1033 3711 1210 3814 pluribua

234 3824 270 3902 in
307 3821 516 3927 provincias,
544 3829 580 3906 in
613 3829 943 3930 quibus-stipendia
972 3831 1209 3944 expleverant.
