3120 4860
345 355 414 432 232
453 387 456 396 .
608 327 648 404 C.
680 328 912 438 Cotuattt
942 330 1120 403 Tactri

344 531 482 606 quoque
498 505 615 578 Rufus
630 506 797 580 violenter
812 529 963 606 urgeret,
982 509 1138 582 nondum
1159 508 1205 580 ab
1222 504 1324 578 indi·

341 627 439 700 cibus
455 625 668 718 nominatus,
698 627 753 700 sed
774 628 846 727 qud
868 630 976 701 fidem
1004 628 1139 702 inscitia
1165 646 1320 725 pararet,

340 765 441 819 atrox
458 746 622 820 adversus
651 745 770 820 socios.
820 750 920 822 Idem
937 748 1058 822 Subrio
1074 748 1198 822 Flavio
1216 744 1322 820 adsis*

334 865 436 956 tenti,
462 867 689 966 innuentique
704 895 749 942 an
765 869 854 943 inter
869 867 975 967 ipsam
989 869 1229 968 cognitionem
1252 864 1324 938 dis·

338 987 504 1090 tringeret
539 988 711 1087 gladium,
750 992 953 1088 caedemque
988 1010 1150 1088 patraret,
1186 987 1318 1076 renuit,

339 1107 553 1208 infregitque
582 1109 755 1208 impetum
781 1108 858 1210 jam
894 1137 1038 1189 manum
1074 1113 1119 1188 ad
1151 1111 1318 1208 capulum

340 1228 531 1304 referentis.

387 1353 487 1426 LIX.
513 1355 666 1442 Fuuaa,
689 1353 763 1451 qui,
791 1355 929 1449 proditi
957 1352 1317 1450 conjuratione,·dum

338 1473 476 1547 auditur
503 1473 687 1562 Milichus,
718 1475 805 1546 dum
834 1473 970 1548 dubitat
997 1473 1176 1562 Scevinus,
1202 1475 1318 1544 horta·

339 1613 455 1666 rentur
482 1591 656 1679 Pisonem,
696 1599 888 1688 “pergere
916 1591 951 1663 in
982 1592 1100 1680 castra,
1130 1612 1189 1665 aut
1216 1591 1321 1672 rostra

341 1718 369 1754 “
387 1710 578 1797 escendere,
602 1709 782 1806 studiaque
799 1710 952 1782 militum
971 1715 1005 1782 u
1023 1710 1145 1806 populi
1163 1731 1317 1784 tentare:

341 1833 410 1902 “st
436 1828 618 1902 conatibus
646 1827 718 1928 ejus
752 1827 879 1903 conscii
907 1849 1192 1928 aggregarentur,
1222 1828 1322 1902 secu-

329 1958 368 1998 =“
386 1971 482 2024 tutos
504 1949 608 2023 etiam
642 1949 820 2049 integros;
853 1975 1088 2048 magnamque
1125 1970 1230 2023 tnotae
1263 1950 1318 2023 rei

340 2079 366 2118 “
385 2070 529 2161 samam,
554 2095 632 2168 quae
662 2071 853 2168 plurimum
882 2070 918 2142 in
952 2058 1053 2143 nouis
1078 2069 1225 2144 consiliis
1257 2095 1319 2144 va-

339 2200 366 2242 “
385 2194 479 2265 leret.
528 2189 630 2265 Nihil
657 2192 844 2264 advetsbm
868 2193 936 2263 hoc
959 2189 1094 2264 Neroni
1116 2189 1316 2288 provisum:

342 2319 370 2358 “
388 2313 493 2387 etiarn
525 2310 628 2384 sortes
654 2311 749 2385 vitos
776 2311 893 2386 subitis
923 2312 1060 2398 terreti3
1103 2312 1232 2386 nedum
1259 2310 1319 2385 ille

339 2442 368 2478 “
386 2433 550 2522 scenious,
579 2419 755 2526 Tigellino
781 2431 909 2506 seilicet
935 2459 1019 2506 oum
1043 2433 1225 2530 pellicibus
1250 2431 1319 2505 suis

341 2563 369 2610 l‘
386 2553 589 2642 comitante,
628 2578 721 2626 arma
746 2553 868 2626 eontra
896 2552 1011 2628 cieret.
1066 2555 1185 2626 Multa
1208 2577 1318 2648 expe.

340 2683 368 2726 ⁴‘
388 2675 509 2748 tiendo
532 2673 689 2762 confieri,
713 2699 791 2770 quae
808 2671 969 2771 segnibus
992 2677 1102 2747 ardua
1124 2673 1316 2746 videantur.

337 2795 522 2869 “Frustra
551 2792 719 2866 silentium
749 2799 783 2866 ὅτ
813 2795 922 2868 fidem
950 2794 986 2867 in
1016 2814 1069 2870 tot
1097 2792 1316 2868 consciorum

341 2915 513 2990 “animis
542 2918 575 2987 a
603 2911 809 3010 corporibus
834 2912 970 3011 sperati.
1036 2915 1215 3006 Cruciatu,
1253 2936 1314 2988 aut

340 3044 367 3088 “
388 3035 544 3132 praemio,
584 3036 707 3108 cuneta
742 3033 862 3130 pervia
898 3037 976 3108 esse.
1038 3038 1222 3127 Venturos,
1253 3035 1315 3133 qui

338 3164 365 3203 “
385 3155 497 3251 ipsum
515 3179 656 3252 quoque
675 3153 860 3244 vincirent,
880 3154 1053 3252 postremo
1069 3156 1215 3256 indigni
1230 3183 1315 3230 nece

338 3283 366 3318 “
386 3276 583 3350 adficerent.
620 3275 763 3374 Quanto
780 3275 991 3350 laudabilius
1008 3277 1212 3372 periturum,
1226 3278 1314 3349 duta

338 3404 366 3460 “.
383 3395 602 3494 ampledlitur
617 3395 884 3492 rempublicam,
914 3398 1001 3470 dum
1018 3397 1147 3484 auxilia
1164 3397 1313 3470 libertati

336 3527 363 3572 ⁴⁶
383 3518 547 3592 invocat?
599 3516 706 3589 Miles
735 3517 849 3613 potibs
877 3518 1017 3608 deesset,
1044 3524 1078 3592 δι
1104 3519 1220 3616 plebes
1248 3519 1311 3589 de-

336 3647 363 3693 ⁶‘
380 3630 515 3724 sereret,
545 3639 631 3710 dum
657 3636 726 3736 ipse
758 3635 959 3742 majoribus,
984 3641 1070 3713 dum
1100 3637 1255 3734 posteris,
1285 3642 1311 3723 st

336 3768 364 3820 ί(
383 3758 452 3848 vita
478 3758 727 3872 praeriperetur,
755 3777 905 3847 mortem
928 3761 1185 3857 adprobaret?”
1234 3760 1310 3834 Im.
