3076 4868
413 397 711 468 Annamuru
742 395 854 466 Lrs.
887 393 971 514 xli.
1173 416 1216 492 7¹3
1253 376 1268 518 θ’

245 568 330 646 tidie
362 569 537 662 Cumano,
569 572 627 646 cui
666 597 742 668 pars
778 569 965 669 provineiae
998 564 1217 642 habebatur:
1298 567 1303 574 ’

242 688 290 762 ita
305 689 433 782 divisis,
469 712 509 764 ut
536 692 629 764 huic
648 691 873 764 Galilaeorum
895 689 1003 778 natio,
1028 685 1138 761 Felici
1159 687 1219 762 Sa·

105 843 113 855 ·
155 849 158 854 ·
237 809 375 882 'maritae
394 831 566 914 parerent,
581 809 752 884 discordes
769 811 867 902 olim,
889 815 921 884 ὅτ
941 808 1018 882 tum
1035 827 1219 904 contemp-

243 949 282 1002 tu
309 931 507 1029 regentium
537 932 651 1004 minias
679 931 837 1003 coercitis
866 931 964 1003 odiis.
1013 929 1125 1028 Igitur
1140 955 1219 1026 rap-

243 1069 317 1122 tare
333 1050 423 1124 inter
436 1050 485 1140 se,
513 1051 699 1124 immittere
716 1052 887 1130 latronum
911 1052 1047 1149 globos,
1060 1117 1062 1122 .
1073 1074 1219 1146 compo·

242 1179 327 1244 nere
353 1171 505 1260 infidias,
529 1174 563 1242 ὅτ
590 1171 778 1268 aliquando
795 1171 925 1268 proeliis
944 1171 1125 1271 congredi,
1141 1171 1221 1268 spo-

244 1288 361 1385 liaque
379 1295 412 1362 dc
435 1291 565 1386 praedas
589 1291 634 1363 ad
662 1311 898 1386 procuratores
913 1291 1048 1364 referre.
1097 1291 1222 1387 Hique

218 1415 220 1494 ξ
247 1397 363 1505 primb
390 1408 512 1498 laetari,
538 1435 623 1482 mox
656 1409 819 1508 gliscente
835 1408 1000 1508 pernicie,
1024 1411 1106 1488 cirm
1129 1391 1224 1484 arma

208 1595 209 1598 ,
247 1527 399 1600 militum
423 1527 676 1626 interjeciffent,
715 1535 789 1604 caefi
817 1517 960 1604 milites
1015 1531 1224 1627 Arsrffetque

246 1631 339 1720 bello
357 1649 555 1746 provincia,
574 1651 609 1722 ni
626 1653 836 1756 quratus,
867 1651 973 1748 Syriae
993 1653 1119 1740 restor,
1142 1649 1222 1724 sub·
1252 1661 1255 1674 ¹
1278 1681 1280 1688 ’
1315 1711 1320 1722 ,

244 1769 397 1843 veniffet.
457 1773 536 1844 Nec
560 1771 621 1844 diu
645 1773 811 1876 adversrls
833 1773 992 1869 judaeos,
1020 1770 1139 1869 quiin
1161 1795 1223 1844 ne·

242 1906 322 1965 cem
347 1890 501 1964 militum
518 1913 756 1990 proruperant,
774 1893 988 1981 dubitatum,
1007 1891 1092 1990 quin
1109 1891 1223 1990 capite
1296 1890 1301 1902 ’

213 2019 221 2034 “
245 2037 367 2108 poenas
394 2013 553 2086 luerent:
582 2015 762 2086 Cumanus
787 2019 820 2084 ὅτ
838 1991 939 2084 Feliri
964 2012 1223 2086 cunctationem

245 2130 462 2224 adferebant,
492 2133 574 2230 quia
597 2130 780 2218 Claudius,
807 2135 912 2202 causrs
940 2129 1137 2205 rebellionis
1160 2159 1221 2206 au·

244 2251 339 2343 ditis,
358 2251 416 2350 jus
441 2249 622 2326 statuendi
640 2250 744 2322 etiam
760 2249 805 2322 de
823 2247 1100 2344 procuratoribus
1117 2251 1245 2348 dedeg

247 2393 310 2446 rat.
360 2375 428 2448 Sed
445 2373 642 2471 Qradratus
666 2369 822 2444 Felicem
854 2369 942 2442 inter
952 2367 1089 2465 judices
1111 2369 1225 2442 osten-

247 2493 348 2584 tavit,
373 2514 562 2592 ,receptum
586 2493 624 2566 in
644 2491 809 2578 tribunal,
835 2489 906 2588 qub
928 2491 1042 2564 studia
1064 2488 1224 2564 amusan,

194 2687 197 2696 ,
245 2612 334 2688 tium
370 2614 630 2688 deterrerentur.
691 2610 953 2709 Damnatusque
972 2615 975 2620 ’
995 2609 1224 2708 flagitiorum,

247 2761 324 2831 quae
347 2736 431 2809 duo·
445 2734 677 2834 deliquerant,
712 2735 916 2819 Cumanus3
956 2737 989 2805 ὅτ
1018 2731 1118 2830 quies.
1144 2759 1227 2830 pr0-.
1340 2745 1344 2756 '

248 2851 371 2926 vinciae
394 2856 538 2929 reddita.
633 2859 638 2872 ‘

212 3069 217 3076 Ι
290 2975 378 3046 ·LV;
403 2977 490 3050 Nec
515 2975 628 3048 multb
646 2975 723 3074 pbst
739 2975 1096 3075 agrestiumCilicum
1114 2978 1225 3066 natio-

244 3118 323 3183 κικτε,
339 3091 466 3190 quibus
481 3094 633 3166 Clitarum
651 3117 940 3194 cognomentum,
958 3098 1046 3196 saepe
1075 3101 1109 3170 dc
1142 3099 1225 3180 alias
1297 3179 1299 3184 ,
1354 3143 1357 3152 ⁴

249 3213 453 3303 commotae,
484 3234 567 3290 tunc
583 3215 779 3292 Trosobore
808 3220 911 3309 duce,
938 3239 1074 3292 montes
1091 3219 1226 3317 asperos

249 3333 367 3408 castris
378 3329 381 3334 ’
391 3336 525 3431 cepere.
576 3340 696 3434 Atque
712 3337 794 3411 inde
810 3339 953 3412 decursu
969 3339 1006 3412 in
1023 3339 1137 3430 litora,
1167 3359 1227 3412 aut

248 3457 366 3544 urbes,
386 3454 462 3528 vim
479 3455 670 3535 cultoribus
688 3463 721 3530 δι
739 3459 937 3556 oppidanis,
960 3487 1000 3533 ac
1018 3462 1228 3558 plerumque

206 3656 209 3682 2
248 3576 286 3656 in
298 3595 506 3650 mercatores
531 3578 565 3647 ὅτ
588 3576 817 3679 navicularios
834 3581 1019 3654 audebant.
1068 3582 1226 3654 Obseffa-

225 3751 234 3775 ι.
249 3722 319 3794 que
333 3695 454 3771 civitas
471 3694 742 3788 Anemuriensis,
761 3702 793 3772 ὅτ
812 3699 899 3772 misfi
927 3726 946 3801 e
971 3701 1064 3795 Syrib
1077 3701 1128 3801 ῥυ·
1147 3697 1226 3774 sub-

250 3817 375 3910 fidium
392 3816 539 3918 equites,
573 3843 657 3896 cum
672 3809 833 3924 praefeclo
849 3819 970 3894 Curtio
986 3821 1126 3910 Severo,
1152 3841 1225 3901 rura
1259 3837 1263 3841 “
