<?xml version="1.0" encoding="UTF-8"?>
<!DOCTYPE html PUBLIC "-//W3C//DTD XHTML 1.0 Transitional//EN"
    "http://www.w3.org/TR/xhtml1/DTD/xhtml1-transitional.dtd">
<html xmlns="http://www.w3.org/1999/xhtml" xml:lang="en" lang="en">
 <head>
  <title>
</title>
<meta http-equiv="Content-Type" content="text/html;charset=utf-8" />
  <meta name='ocr-system' content='tesseract 3.04.00' />
  <meta name='ocr-capabilities' content='ocr_page ocr_carea ocr_par ocr_line ocrx_word'/>
</head>
<body>
  <div class='ocr_page' id='page_1' title='image "./ccorneliitaciti03freigoog_0052.png"; bbox 0 0 3076 4868; ppageno 0'>
   <div class='ocr_carea' id='block_1_1' title="bbox 434 313 1209 484">
    <p class='ocr_par' dir='ltr' id='par_1_1' title="bbox 434 313 1209 484">
     <span class='ocr_line' id='line_1_1' title="bbox 434 313 1209 484; baseline -0.001 -51"><span class='ocrx_word' id='word_1_1' title='bbox 434 363 771 484; x_wconf 47' lang='lat' dir='ltr'>‚Auunnruu&#39;</span> <span class='ocrx_word' id='word_1_2' title='bbox 805 358 916 430; x_wconf 77' lang='lat' dir='ltr'>Lrn.</span> <span class='ocrx_word' id='word_1_3' title='bbox 954 355 1037 476; x_wconf 81' lang='grc' dir='ltr'>ΧΠ.</span> <span class='ocrx_word' id='word_1_4' title='bbox 1113 313 1134 442; x_wconf 64' lang='grc' dir='ltr'> </span> <span class='ocrx_word' id='word_1_5' title='bbox 1162 377 1209 456; x_wconf 84' lang='lat'>49</span> 
     </span>
    </p>
   </div>
   <div class='ocr_carea' id='block_1_2' title="bbox 120 523 1332 3878">
    <p class='ocr_par' dir='ltr' id='par_1_2' title="bbox 205 523 1332 1116">
     <span class='ocr_line' id='line_1_2' title="bbox 233 523 1208 636; baseline -0.002 -26"><span class='ocrx_word' id='word_1_6' title='bbox 233 533 436 632; x_wconf 86' lang='lat' dir='ltr'>supplicem,</span> <span class='ocrx_word' id='word_1_7' title='bbox 464 527 650 635; x_wconf 82' lang='lat' dir='ltr'>laudatque</span> <span class='ocrx_word' id='word_1_8' title='bbox 679 544 707 580; x_wconf 92' lang='lat'><strong><em>“</em></strong></span> <span class='ocrx_word' id='word_1_9' title='bbox 726 537 821 636; x_wconf 81' lang='lat' dir='ltr'>quod</span> <span class='ocrx_word' id='word_1_10' title='bbox 840 523 980 636; x_wconf 86' lang='lat' dir='ltr'>gentem</span> <span class='ocrx_word' id='word_1_11' title='bbox 1004 533 1208 625; x_wconf 88' lang='lat' dir='ltr'>Aorsorum,</span> 
     </span>
     <span class='ocr_line' id='line_1_3' title="bbox 236 653 1300 754; baseline 0 -26"><span class='ocrx_word' id='word_1_12' title='bbox 236 661 264 697; x_wconf 91' lang='lat'><strong>“</strong></span> <span class='ocrx_word' id='word_1_13' title='bbox 283 653 379 753; x_wconf 74' lang='lat' dir='ltr'>qubd</span> <span class='ocrx_word' id='word_1_14' title='bbox 394 654 489 730; x_wconf 89' lang='lat' dir='ltr'>suam</span> <span class='ocrx_word' id='word_1_15' title='bbox 506 657 685 730; x_wconf 84' lang='lat' dir='ltr'>dexteram</span> <span class='ocrx_word' id='word_1_16' title='bbox 701 657 859 754; x_wconf 87' lang='lat' dir='ltr'>petendae</span> <span class='ocrx_word' id='word_1_17' title='bbox 878 657 988 730; x_wconf 81' lang='lat' dir='ltr'>veniae</span> <span class='ocrx_word' id='word_1_18' title='bbox 1005 654 1211 754; x_wconf 84' lang='lat' dir='ltr'>delegerit.&#39;’</span> <span class='ocrx_word' id='word_1_19' title='bbox 1297 653 1300 662; x_wconf 74' lang='grc'><strong>“</strong></span> 
     </span>
     <span class='ocr_line' id='line_1_4' title="bbox 233 775 1332 874; baseline 0 -24"><span class='ocrx_word' id='word_1_20' title='bbox 233 775 346 850; x_wconf 90' lang='lat' dir='ltr'>Simul</span> <span class='ocrx_word' id='word_1_21' title='bbox 366 777 497 874; x_wconf 84' lang='lat' dir='ltr'>legatos</span> <span class='ocrx_word' id='word_1_22' title='bbox 521 775 699 874; x_wconf 89' lang='lat' dir='ltr'>literasque</span> <span class='ocrx_word' id='word_1_23' title='bbox 720 777 764 849; x_wconf 89' lang='lat' dir='ltr'>ad</span> <span class='ocrx_word' id='word_1_24' title='bbox 780 775 948 851; x_wconf 83' lang='lat' dir='ltr'>Caesarem</span> <span class='ocrx_word' id='word_1_25' title='bbox 966 776 1002 848; x_wconf 91' lang='lat' dir='ltr'>in</span> <span class='ocrx_word' id='word_1_26' title='bbox 1023 778 1115 849; x_wconf 90' lang='lat' dir='ltr'>hunc</span> <span class='ocrx_word' id='word_1_27' title='bbox 1133 801 1209 850; x_wconf 91' lang='lat' dir='ltr'>mo·</span> <span class='ocrx_word' id='word_1_28' title='bbox 1324 775 1332 802; x_wconf 71' lang='lat'>⁸</span> 
     </span>
     <span class='ocr_line' id='line_1_5' title="bbox 205 895 1211 996; baseline 0 -26"><span class='ocrx_word' id='word_1_29' title='bbox 205 903 210 913; x_wconf 86' lang='grc'><em>“</em></span> <span class='ocrx_word' id='word_1_30' title='bbox 232 898 319 970; x_wconf 92' lang='lat' dir='ltr'>dum</span> <span class='ocrx_word' id='word_1_31' title='bbox 332 895 457 970; x_wconf 88' lang='lat' dir='ltr'>mittit:</span> <span class='ocrx_word' id='word_1_32' title='bbox 478 901 505 939; x_wconf 89' lang='lat'><strong><em>“</em></strong></span> <span class='ocrx_word' id='word_1_33' title='bbox 518 895 647 993; x_wconf 88' lang='lat' dir='ltr'>Populi</span> <span class='ocrx_word' id='word_1_34' title='bbox 660 898 812 970; x_wconf 86' lang='lat' dir='ltr'>Romani</span> <span class='ocrx_word' id='word_1_35' title='bbox 831 897 1095 996; x_wconf 85' lang='lat' dir='ltr'>imperatoribus</span> <span class='ocrx_word' id='word_1_36' title='bbox 1111 923 1211 994; x_wconf 86' lang='lat' dir='ltr'>mag-</span> 
     </span>
     <span class='ocr_line' id='line_1_6' title="bbox 235 1015 1211 1116; baseline -0.001 -26"><span class='ocrx_word' id='word_1_37' title='bbox 235 1023 262 1058; x_wconf 91' lang='lat'><strong>“</strong></span> <span class='ocrx_word' id='word_1_38' title='bbox 282 1042 477 1116; x_wconf 86' lang='lat' dir='ltr'>narumque</span> <span class='ocrx_word' id='word_1_39' title='bbox 494 1015 676 1090; x_wconf 87' lang='lat' dir='ltr'>nationum</span> <span class='ocrx_word' id='word_1_40' title='bbox 703 1017 855 1114; x_wconf 82' lang='lat' dir='ltr'>regibus,</span> <span class='ocrx_word' id='word_1_41' title='bbox 887 1017 1038 1115; x_wconf 88' lang='lat' dir='ltr'>primam</span> <span class='ocrx_word' id='word_1_42' title='bbox 1055 1043 1100 1089; x_wconf 84' lang='lat' dir='ltr'>ex</span> <span class='ocrx_word' id='word_1_43' title='bbox 1120 1016 1211 1090; x_wconf 89' lang='lat' dir='ltr'>fimi-</span> 
     </span>
    </p>

    <p class='ocr_par' dir='ltr' id='par_1_3' title="bbox 120 1135 1213 1474">
     <span class='ocr_line' id='line_1_7' title="bbox 120 1135 1210 1227; baseline 0.001 -19"><span class='ocrx_word' id='word_1_44' title='bbox 120 1139 125 1144; x_wconf 85' lang='grc'><strong><em>’</em></strong></span> <span class='ocrx_word' id='word_1_45' title='bbox 236 1143 263 1180; x_wconf 85' lang='grc'><strong><em>“</em></strong></span> <span class='ocrx_word' id='word_1_46' title='bbox 281 1135 427 1210; x_wconf 87' lang='lat' dir='ltr'>litudine</span> <span class='ocrx_word' id='word_1_47' title='bbox 455 1135 603 1208; x_wconf 86' lang='lat' dir='ltr'>sortunae</span> <span class='ocrx_word' id='word_1_48' title='bbox 631 1135 818 1208; x_wconf 86' lang='lat' dir='ltr'>amicitiam</span> <span class='ocrx_word' id='word_1_49' title='bbox 832 1165 848 1209; x_wconf 67' lang='lat'>:⁴</span> <span class='ocrx_word' id='word_1_50' title='bbox 888 1139 950 1210; x_wconf 90' lang='lat' dir='ltr'>fibi</span> <span class='ocrx_word' id='word_1_51' title='bbox 982 1143 1016 1212; x_wconf 76' lang='lat' dir='ltr'>dt</span> <span class='ocrx_word' id='word_1_52' title='bbox 1049 1137 1210 1227; x_wconf 87' lang='lat' dir='ltr'>Claudio,</span> 
     </span>
     <span class='ocr_line' id='line_1_8' title="bbox 235 1247 1213 1330; baseline 0.003 -3"><span class='ocrx_word' id='word_1_53' title='bbox 235 1263 263 1299; x_wconf 89' lang='lat'><strong>“</strong></span> <span class='ocrx_word' id='word_1_54' title='bbox 281 1256 389 1328; x_wconf 89' lang='lat' dir='ltr'>etiam</span> <span class='ocrx_word' id='word_1_55' title='bbox 417 1247 702 1327; x_wconf 87' lang='lat' dir='ltr'>communionem</span> <span class='ocrx_word' id='word_1_56' title='bbox 723 1255 876 1328; x_wconf 67' lang='lat' dir='ltr'>vidoriae</span> <span class='ocrx_word' id='word_1_57' title='bbox 902 1259 978 1329; x_wconf 84' lang='lat' dir='ltr'>effe.</span> <span class='ocrx_word' id='word_1_58' title='bbox 1037 1259 1213 1330; x_wconf 86' lang='lat' dir='ltr'>Bellorum</span> 
     </span>
     <span class='ocr_line' id='line_1_9' title="bbox 237 1373 1212 1474; baseline 0 -25"><span class='ocrx_word' id='word_1_59' title='bbox 237 1373 445 1472; x_wconf 85' lang='lat' dir='ltr'>“egregios</span> <span class='ocrx_word' id='word_1_60' title='bbox 469 1375 569 1462; x_wconf 88' lang='lat' dir='ltr'>fines,</span> <span class='ocrx_word' id='word_1_61' title='bbox 591 1375 749 1470; x_wconf 89' lang='lat' dir='ltr'>quotiens</span> <span class='ocrx_word' id='word_1_62' title='bbox 769 1373 981 1472; x_wconf 82' lang='lat' dir='ltr'>ignoscendo</span> <span class='ocrx_word' id='word_1_63' title='bbox 998 1381 1212 1474; x_wconf 80' lang='lat' dir='ltr'>transigatur.</span> 
     </span>
    </p>

    <p class='ocr_par' dir='ltr' id='par_1_4' title="bbox 178 1492 1213 1596">
     <span class='ocr_line' id='line_1_10' title="bbox 178 1492 1213 1592; baseline 0.004 -28"><span class='ocrx_word' id='word_1_64' title='bbox 178 1497 180 1502; x_wconf 82' lang='lat'>&#39;</span> <span class='ocrx_word' id='word_1_65' title='bbox 237 1493 336 1565; x_wconf 90' lang='lat' dir='ltr'>“Sic</span> <span class='ocrx_word' id='word_1_66' title='bbox 362 1492 496 1567; x_wconf 81' lang='lat' dir='ltr'>Zorsini</span> <span class='ocrx_word' id='word_1_67' title='bbox 520 1492 614 1564; x_wconf 69' lang='lat' dir='ltr'>visto</span> <span class='ocrx_word' id='word_1_68' title='bbox 641 1495 728 1566; x_wconf 92' lang='lat' dir='ltr'>nihil</span> <span class='ocrx_word' id='word_1_69' title='bbox 750 1517 921 1592; x_wconf 90' lang='lat' dir='ltr'>ereptum.</span> <span class='ocrx_word' id='word_1_70' title='bbox 980 1497 1047 1568; x_wconf 91' lang='lat' dir='ltr'>Pro</span> <span class='ocrx_word' id='word_1_71' title='bbox 1071 1497 1213 1570; x_wconf 88' lang='lat' dir='ltr'>Mithri-</span> 
     </span>
    </p>

    <p class='ocr_par' dir='ltr' id='par_1_5' title="bbox 180 1613 1320 1716">
     <span class='ocr_line' id='line_1_11' title="bbox 180 1613 1320 1716; baseline 0 -26"><span class='ocrx_word' id='word_1_72' title='bbox 180 1623 183 1629; x_wconf 79' lang='grc'><strong>’</strong></span> <span class='ocrx_word' id='word_1_73' title='bbox 235 1617 263 1690; x_wconf 88' lang='grc'>.“</span> <span class='ocrx_word' id='word_1_74' title='bbox 280 1614 359 1686; x_wconf 88' lang='lat' dir='ltr'>date</span> <span class='ocrx_word' id='word_1_75' title='bbox 375 1614 515 1710; x_wconf 90' lang='lat' dir='ltr'>quando</span> <span class='ocrx_word' id='word_1_76' title='bbox 534 1613 671 1712; x_wconf 87' lang='lat' dir='ltr'>gravius</span> <span class='ocrx_word' id='word_1_77' title='bbox 690 1635 891 1705; x_wconf 89' lang='lat' dir='ltr'>mereretur,</span> <span class='ocrx_word' id='word_1_78' title='bbox 911 1642 984 1690; x_wconf 90' lang='lat' dir='ltr'>non</span> <span class='ocrx_word' id='word_1_79' title='bbox 1002 1616 1210 1716; x_wconf 81' lang='lat' dir='ltr'>potentiam,</span> <span class='ocrx_word' id='word_1_80' title='bbox 1319 1668 1320 1682; x_wconf 39' lang='lat' dir='ltr'>r</span> 
     </span>
    </p>

    <p class='ocr_par' dir='ltr' id='par_1_6' title="bbox 224 1734 1285 2433">
     <span class='ocr_line' id='line_1_12' title="bbox 235 1734 1211 1836; baseline 0.005 -31"><span class='ocrx_word' id='word_1_81' title='bbox 235 1740 261 1777; x_wconf 78' lang='lat'>‘⁴</span> <span class='ocrx_word' id='word_1_82' title='bbox 280 1759 352 1824; x_wconf 82' lang='lat' dir='ltr'>non</span> <span class='ocrx_word' id='word_1_83' title='bbox 386 1759 533 1832; x_wconf 85' lang='lat' dir='ltr'>regnum</span> <span class='ocrx_word' id='word_1_84' title='bbox 568 1734 722 1832; x_wconf 84' lang='lat' dir='ltr'>precari3</span> <span class='ocrx_word' id='word_1_85' title='bbox 760 1735 818 1808; x_wconf 90' lang='lat' dir='ltr'>sed</span> <span class='ocrx_word' id='word_1_86' title='bbox 851 1761 896 1808; x_wconf 89' lang='lat' dir='ltr'>ne</span> <span class='ocrx_word' id='word_1_87' title='bbox 928 1736 1211 1836; x_wconf 88' lang='lat' dir='ltr'>triumpharetur,</span> 
     </span>
     <span class='ocr_line' id='line_1_13' title="bbox 234 1853 919 1952; baseline -0.001 -25"><span class='ocrx_word' id='word_1_88' title='bbox 234 1859 368 1928; x_wconf 91' lang='lat' dir='ltr'>“neve</span> <span class='ocrx_word' id='word_1_89' title='bbox 393 1880 513 1952; x_wconf 89' lang='lat' dir='ltr'>poenas</span> <span class='ocrx_word' id='word_1_90' title='bbox 537 1853 651 1951; x_wconf 89' lang='lat' dir='ltr'>capite</span> <span class='ocrx_word' id='word_1_91' title='bbox 670 1857 919 1951; x_wconf 81' lang='lat' dir='ltr'>expenderet.&#39;’</span> 
     </span>
     <span class='ocr_line' id='line_1_14' title="bbox 229 1975 1212 2079; baseline 0.003 -28"><span class='ocrx_word' id='word_1_92' title='bbox 229 2071 233 2079; x_wconf 22' lang='lat' dir='ltr'><em>f</em></span> <span class='ocrx_word' id='word_1_93' title='bbox 281 1978 366 2052; x_wconf 86' lang='lat' dir='ltr'>XX.</span> <span class='ocrx_word' id='word_1_94' title='bbox 393 1981 452 2048; x_wconf 78' lang='lat' dir='ltr'>Ar</span> <span class='ocrx_word' id='word_1_95' title='bbox 475 1977 701 2064; x_wconf 64' lang='lat' dir='ltr'>Ceionius,</span> <span class='ocrx_word' id='word_1_96' title='bbox 733 1999 947 2071; x_wconf 91' lang='lat' dir='ltr'>quamquam</span> <span class='ocrx_word' id='word_1_97' title='bbox 973 1975 1212 2073; x_wconf 79' lang='lat' dir='ltr'>nobilitatibus</span> 
     </span>
     <span class='ocr_line' id='line_1_15' title="bbox 233 2093 1212 2194; baseline -0.002 -22"><span class='ocrx_word' id='word_1_98' title='bbox 233 2095 384 2172; x_wconf 82' lang='lat' dir='ltr'>externis</span> <span class='ocrx_word' id='word_1_99' title='bbox 411 2095 516 2184; x_wconf 90' lang='lat' dir='ltr'>mitis,</span> <span class='ocrx_word' id='word_1_100' title='bbox 552 2093 724 2170; x_wconf 89' lang='lat' dir='ltr'>dubitavit</span> <span class='ocrx_word' id='word_1_101' title='bbox 748 2113 880 2180; x_wconf 85' lang='lat' dir='ltr'>tamen,</span> <span class='ocrx_word' id='word_1_102' title='bbox 916 2093 1072 2192; x_wconf 86' lang='lat' dir='ltr'>accipere</span> <span class='ocrx_word' id='word_1_103' title='bbox 1104 2099 1212 2194; x_wconf 87' lang='lat' dir='ltr'>capti-</span> 
     </span>
     <span class='ocr_line' id='line_1_16' title="bbox 224 2197 1285 2316; baseline -0.003 -24"><span class='ocrx_word' id='word_1_104' title='bbox 224 2197 319 2292; x_wconf 58' lang='lat' dir='ltr'>’vum</span> <span class='ocrx_word' id='word_1_105' title='bbox 337 2219 439 2316; x_wconf 64' lang='lat' dir='ltr'>padlo</span> <span class='ocrx_word' id='word_1_106' title='bbox 455 2213 587 2303; x_wconf 89' lang='lat' dir='ltr'>salutis,</span> <span class='ocrx_word' id='word_1_107' title='bbox 605 2239 649 2286; x_wconf 87' lang='lat' dir='ltr'>an</span> <span class='ocrx_word' id='word_1_108' title='bbox 664 2232 818 2310; x_wconf 90' lang='lat' dir='ltr'>repetere</span> <span class='ocrx_word' id='word_1_109' title='bbox 838 2212 955 2303; x_wconf 72' lang='lat' dir='ltr'>armis,</span> <span class='ocrx_word' id='word_1_110' title='bbox 974 2214 1098 2286; x_wconf 69' lang='lat' dir='ltr'>restius</span> <span class='ocrx_word' id='word_1_111' title='bbox 1114 2214 1216 2290; x_wconf 76' lang='lat' dir='ltr'>soret.</span> <span class='ocrx_word' id='word_1_112' title='bbox 1283 2227 1285 2234; x_wconf 81' lang='grc'><strong>“</strong></span> 
     </span>
     <span class='ocr_line' id='line_1_17' title="bbox 234 2332 1216 2433; baseline -0.002 -22"><span class='ocrx_word' id='word_1_113' title='bbox 234 2341 322 2411; x_wconf 89' lang='lat' dir='ltr'>Huc</span> <span class='ocrx_word' id='word_1_114' title='bbox 348 2339 448 2410; x_wconf 91' lang='lat' dir='ltr'>dolor</span> <span class='ocrx_word' id='word_1_115' title='bbox 475 2333 688 2432; x_wconf 89' lang='lat' dir='ltr'>injuriarum,</span> <span class='ocrx_word' id='word_1_116' title='bbox 713 2337 747 2406; x_wconf 70' lang='grc' dir='ltr'>δι</span> <span class='ocrx_word' id='word_1_117' title='bbox 774 2332 891 2430; x_wconf 74' lang='lat' dir='ltr'>libido</span> <span class='ocrx_word' id='word_1_118' title='bbox 909 2333 1073 2426; x_wconf 70' lang='lat' dir='ltr'>vindislae</span> <span class='ocrx_word' id='word_1_119' title='bbox 1097 2335 1216 2433; x_wconf 84' lang='lat' dir='ltr'>adige-</span> 
     </span>
    </p>

    <p class='ocr_par' dir='ltr' id='par_1_7' title="bbox 186 2445 1215 2552">
     <span class='ocr_line' id='line_1_18' title="bbox 186 2445 1215 2552; baseline 0 -21"><span class='ocrx_word' id='word_1_120' title='bbox 186 2463 187 2466; x_wconf 69' lang='grc'>’</span> <span class='ocrx_word' id='word_1_121' title='bbox 231 2459 307 2530; x_wconf 87' lang='lat' dir='ltr'>bat.</span> <span class='ocrx_word' id='word_1_122' title='bbox 357 2457 425 2530; x_wconf 89' lang='lat' dir='ltr'>Sed</span> <span class='ocrx_word' id='word_1_123' title='bbox 449 2455 670 2528; x_wconf 83' lang='lat' dir='ltr'>disserebatur</span> <span class='ocrx_word' id='word_1_124' title='bbox 691 2445 842 2544; x_wconf 63' lang='lat' dir='ltr'>copam:</span> <span class='ocrx_word' id='word_1_125' title='bbox 877 2460 905 2501; x_wconf 85' lang='lat'><strong>“</strong></span> <span class='ocrx_word' id='word_1_126' title='bbox 922 2453 1052 2552; x_wconf 86' lang='lat' dir='ltr'>Suscipi</span> <span class='ocrx_word' id='word_1_127' title='bbox 1082 2458 1215 2532; x_wconf 90' lang='lat' dir='ltr'>bellum</span> 
     </span>
    </p>

    <p class='ocr_par' dir='ltr' id='par_1_8' title="bbox 136 2559 1319 3878">
     <span class='ocr_line' id='line_1_19' title="bbox 136 2559 1214 2678; baseline 0.002 -28"><span class='ocrx_word' id='word_1_128' title='bbox 136 2589 139 2600; x_wconf 82' lang='lat'><em>&#39;</em></span> <span class='ocrx_word' id='word_1_129' title='bbox 235 2583 264 2626; x_wconf 82' lang='lat'><strong>“</strong></span> <span class='ocrx_word' id='word_1_130' title='bbox 280 2559 525 2666; x_wconf 79' lang='lat' dir='ltr'>avioitinere,</span> <span class='ocrx_word' id='word_1_131' title='bbox 551 2564 765 2674; x_wconf 69' lang='lat' dir='ltr'>importuoso</span> <span class='ocrx_word' id='word_1_132' title='bbox 793 2569 905 2646; x_wconf 83' lang='lat' dir='ltr'>mari:</span> <span class='ocrx_word' id='word_1_133' title='bbox 943 2577 988 2648; x_wconf 90' lang='lat' dir='ltr'>ad</span> <span class='ocrx_word' id='word_1_134' title='bbox 1016 2578 1084 2650; x_wconf 92' lang='lat' dir='ltr'>hoc</span> <span class='ocrx_word' id='word_1_135' title='bbox 1113 2603 1214 2678; x_wconf 76' lang='lat' dir='ltr'>reges</span> 
     </span>
     <span class='ocr_line' id='line_1_20' title="bbox 235 2693 1210 2798; baseline 0.005 -28"><span class='ocrx_word' id='word_1_136' title='bbox 235 2705 262 2746; x_wconf 88' lang='lat'><strong>“</strong></span> <span class='ocrx_word' id='word_1_137' title='bbox 281 2697 435 2784; x_wconf 83' lang='lat' dir='ltr'>seroces3</span> <span class='ocrx_word' id='word_1_138' title='bbox 464 2721 572 2793; x_wconf 86' lang='lat' dir='ltr'>vagos</span> <span class='ocrx_word' id='word_1_139' title='bbox 590 2693 764 2793; x_wconf 62' lang='lat' dir='ltr'>pppulos&#39;3</span> <span class='ocrx_word' id='word_1_140' title='bbox 791 2693 902 2766; x_wconf 88' lang='lat' dir='ltr'>solum</span> <span class='ocrx_word' id='word_1_141' title='bbox 918 2693 1060 2794; x_wconf 85' lang='lat' dir='ltr'>frugum</span> <span class='ocrx_word' id='word_1_142' title='bbox 1079 2723 1210 2798; x_wconf 87' lang='lat' dir='ltr'>egens:</span> 
     </span>
     <span class='ocr_line' id='line_1_21' title="bbox 235 2809 1219 2916; baseline 0.006 -28"><span class='ocrx_word' id='word_1_143' title='bbox 235 2823 262 2859; x_wconf 89' lang='lat'><strong>“</strong></span> <span class='ocrx_word' id='word_1_144' title='bbox 278 2836 355 2889; x_wconf 91' lang='lat' dir='ltr'>tum</span> <span class='ocrx_word' id='word_1_145' title='bbox 370 2817 515 2890; x_wconf 84' lang='lat' dir='ltr'>taedium</span> <span class='ocrx_word' id='word_1_146' title='bbox 533 2842 577 2888; x_wconf 87' lang='lat' dir='ltr'>ex</span> <span class='ocrx_word' id='word_1_147' title='bbox 589 2809 705 2908; x_wconf 62' lang='lat' dir='ltr'>phora,</span> <span class='ocrx_word' id='word_1_148' title='bbox 732 2813 885 2911; x_wconf 84' lang='lat' dir='ltr'>pericula</span> <span class='ocrx_word' id='word_1_149' title='bbox 907 2841 952 2888; x_wconf 87' lang='lat' dir='ltr'>ex</span> <span class='ocrx_word' id='word_1_150' title='bbox 975 2821 1219 2916; x_wconf 53' lang='lat' dir='ltr'>properantia}</span> 
     </span>
     <span class='ocr_line' id='line_1_22' title="bbox 237 2913 1254 3025; baseline 0.006 -16"><span class='ocrx_word' id='word_1_151' title='bbox 237 2935 458 3011; x_wconf 88' lang='lat' dir='ltr'>“modicam</span> <span class='ocrx_word' id='word_1_152' title='bbox 486 2913 676 3018; x_wconf 64' lang='lat' dir='ltr'>vidalinus</span> <span class='ocrx_word' id='word_1_153' title='bbox 704 2935 859 3025; x_wconf 89' lang='lat' dir='ltr'>laudem,</span> <span class='ocrx_word' id='word_1_154' title='bbox 884 2960 924 3008; x_wconf 90' lang='lat' dir='ltr'>ac</span> <span class='ocrx_word' id='word_1_155' title='bbox 946 2939 1099 3014; x_wconf 90' lang='lat' dir='ltr'>multum</span> <span class='ocrx_word' id='word_1_156' title='bbox 1124 2941 1212 3016; x_wconf 85' lang='lat' dir='ltr'>insa·</span> <span class='ocrx_word' id='word_1_157' title='bbox 1252 2951 1254 2960; x_wconf 83' lang='lat'>&#39;</span> 
     </span>
     <span class='ocr_line' id='line_1_23' title="bbox 238 3052 1319 3154; baseline 0.006 -24"><span class='ocrx_word' id='word_1_158' title='bbox 238 3063 267 3100; x_wconf 90' lang='lat'><strong>“</strong></span> <span class='ocrx_word' id='word_1_159' title='bbox 285 3055 381 3145; x_wconf 87' lang='lat' dir='ltr'>miae,</span> <span class='ocrx_word' id='word_1_160' title='bbox 411 3057 434 3127; x_wconf 88' lang='lat' dir='ltr'>s1</span> <span class='ocrx_word' id='word_1_161' title='bbox 460 3053 670 3150; x_wconf 77' lang='lat' dir='ltr'>pellerentur</span> <span class='ocrx_word' id='word_1_162' title='bbox 684 3052 806 3149; x_wconf 89' lang='lat' dir='ltr'>:&#39;quin</span> <span class='ocrx_word' id='word_1_163' title='bbox 837 3055 996 3153; x_wconf 89' lang='lat' dir='ltr'>arriperet</span> <span class='ocrx_word' id='word_1_164' title='bbox 1017 3062 1147 3154; x_wconf 86' lang='lat' dir='ltr'>oblata,</span> <span class='ocrx_word' id='word_1_165' title='bbox 1178 3067 1212 3136; x_wconf 87' lang='lat'>&amp;</span> <span class='ocrx_word' id='word_1_166' title='bbox 1316 3077 1319 3088; x_wconf 82' lang='grc'><em>“</em></span> 
     </span>
     <span class='ocr_line' id='line_1_24' title="bbox 237 3171 1211 3280; baseline 0.008 -31"><span class='ocrx_word' id='word_1_167' title='bbox 237 3175 428 3249; x_wconf 87' lang='lat' dir='ltr'>“servaret</span> <span class='ocrx_word' id='word_1_168' title='bbox 456 3171 627 3270; x_wconf 63' lang='lat' dir='ltr'>exsulem:</span> <span class='ocrx_word' id='word_1_169' title='bbox 653 3171 709 3245; x_wconf 87' lang='lat' dir='ltr'>cui</span> <span class='ocrx_word' id='word_1_170' title='bbox 733 3172 831 3270; x_wconf 89' lang='lat' dir='ltr'>inopi</span> <span class='ocrx_word' id='word_1_171' title='bbox 861 3178 991 3273; x_wconf 78' lang='lat' dir='ltr'>quanto</span> <span class='ocrx_word' id='word_1_172' title='bbox 1014 3182 1211 3280; x_wconf 88' lang='lat' dir='ltr'>longiorem</span> 
     </span>
     <span class='ocr_line' id='line_1_25' title="bbox 236 3292 1211 3398; baseline 0.007 -29"><span class='ocrx_word' id='word_1_173' title='bbox 236 3305 264 3341; x_wconf 88' lang='lat'><strong>“</strong></span> <span class='ocrx_word' id='word_1_174' title='bbox 283 3296 405 3386; x_wconf 90' lang='lat' dir='ltr'>vitam,</span> <span class='ocrx_word' id='word_1_175' title='bbox 430 3293 526 3368; x_wconf 78' lang='lat' dir='ltr'>tantd</span> <span class='ocrx_word' id='word_1_176' title='bbox 551 3295 627 3391; x_wconf 90' lang='lat' dir='ltr'>plus</span> <span class='ocrx_word' id='word_1_177' title='bbox 653 3292 810 3391; x_wconf 87' lang='lat' dir='ltr'>supplicii</span> <span class='ocrx_word' id='word_1_178' title='bbox 828 3294 937 3370; x_wconf 85' lang='lat' dir='ltr'>sore.&#39;&#39;</span> <span class='ocrx_word' id='word_1_179' title='bbox 986 3301 1057 3374; x_wconf 89' lang='lat' dir='ltr'>His</span> <span class='ocrx_word' id='word_1_180' title='bbox 1074 3329 1211 3398; x_wconf 89' lang='lat' dir='ltr'>permo-</span> 
     </span>
     <span class='ocr_line' id='line_1_26' title="bbox 235 3415 1213 3514; baseline 0.005 -22"><span class='ocrx_word' id='word_1_181' title='bbox 235 3440 305 3510; x_wconf 88' lang='lat' dir='ltr'>tus,</span> <span class='ocrx_word' id='word_1_182' title='bbox 323 3417 451 3514; x_wconf 75' lang='lat' dir='ltr'>scripsit</span> <span class='ocrx_word' id='word_1_183' title='bbox 471 3415 624 3506; x_wconf 86' lang='lat' dir='ltr'>Eunoni,</span> <span class='ocrx_word' id='word_1_184' title='bbox 646 3421 672 3456; x_wconf 92' lang='lat'><strong>“</strong></span> <span class='ocrx_word' id='word_1_185' title='bbox 688 3415 1015 3514; x_wconf 85' lang='lat' dir='ltr'>meritumquidem</span> <span class='ocrx_word' id='word_1_186' title='bbox 1032 3415 1213 3498; x_wconf 81' lang='lat' dir='ltr'>novissima</span> 
     </span>
     <span class='ocr_line' id='line_1_27' title="bbox 238 3529 1212 3638; baseline 0.006 -26"><span class='ocrx_word' id='word_1_187' title='bbox 238 3529 445 3636; x_wconf 86' lang='lat' dir='ltr'>“exempla</span> <span class='ocrx_word' id='word_1_188' title='bbox 472 3534 731 3624; x_wconf 87' lang='lat' dir='ltr'>Mithridatem,</span> <span class='ocrx_word' id='word_1_189' title='bbox 765 3561 830 3609; x_wconf 89' lang='lat' dir='ltr'>nec</span> <span class='ocrx_word' id='word_1_190' title='bbox 860 3538 920 3611; x_wconf 86' lang='lat' dir='ltr'>fibi</span> <span class='ocrx_word' id='word_1_191' title='bbox 949 3539 1022 3612; x_wconf 91' lang='lat' dir='ltr'>vim</span> <span class='ocrx_word' id='word_1_192' title='bbox 1051 3545 1095 3616; x_wconf 89' lang='lat' dir='ltr'>ad</span> <span class='ocrx_word' id='word_1_193' title='bbox 1118 3545 1212 3638; x_wconf 53' lang='lat' dir='ltr'>exsef</span> 
     </span>
     <span class='ocr_line' id='line_1_28' title="bbox 237 3655 1211 3761; baseline 0.004 -28"><span class='ocrx_word' id='word_1_194' title='bbox 237 3661 463 3758; x_wconf 88' lang='lat' dir='ltr'>“quendum</span> <span class='ocrx_word' id='word_1_195' title='bbox 491 3657 626 3732; x_wconf 84' lang='lat' dir='ltr'>deesse:</span> <span class='ocrx_word' id='word_1_196' title='bbox 643 3655 646 3660; x_wconf 73' lang='grc'><strong>’</strong></span> <span class='ocrx_word' id='word_1_197' title='bbox 664 3655 785 3728; x_wconf 78' lang='lat' dir='ltr'>verbm</span> <span class='ocrx_word' id='word_1_198' title='bbox 819 3657 866 3730; x_wconf 89' lang='lat' dir='ltr'>ita</span> <span class='ocrx_word' id='word_1_199' title='bbox 893 3658 1076 3758; x_wconf 86' lang='lat' dir='ltr'>majoribus</span> <span class='ocrx_word' id='word_1_200' title='bbox 1104 3665 1211 3761; x_wconf 84' lang='lat' dir='ltr'>placi-</span> 
     </span>
     <span class='ocr_line' id='line_1_29' title="bbox 237 3775 1258 3878; baseline -0.008 -22"><span class='ocrx_word' id='word_1_201' title='bbox 237 3788 265 3831; x_wconf 84' lang='lat'><strong>“</strong></span> <span class='ocrx_word' id='word_1_202' title='bbox 282 3801 372 3872; x_wconf 87' lang='lat' dir='ltr'>tum,</span> <span class='ocrx_word' id='word_1_203' title='bbox 399 3775 530 3878; x_wconf 66' lang='lat' dir='ltr'>quaml¹</span> <span class='ocrx_word' id='word_1_204' title='bbox 543 3775 736 3878; x_wconf 69' lang='lat' dir='ltr'>pervicacia</span> <span class='ocrx_word' id='word_1_205' title='bbox 758 3775 798 3854; x_wconf 54' lang='lat' dir='ltr'>in.</span> <span class='ocrx_word' id='word_1_206' title='bbox 811 3777 960 3872; x_wconf 88' lang='lat' dir='ltr'>hostem,</span> <span class='ocrx_word' id='word_1_207' title='bbox 984 3777 1077 3858; x_wconf 70' lang='lat' dir='ltr'>tanta</span> <span class='ocrx_word' id='word_1_208' title='bbox 1106 3787 1213 3858; x_wconf 83' lang='lat' dir='ltr'>bene.</span> <span class='ocrx_word' id='word_1_209' title='bbox 1252 3834 1258 3849; x_wconf 71' lang='grc'><strong><em>,</em></strong></span> 
     </span>
    </p>
   </div>
   <div class='ocr_carea' id='block_1_3' title="bbox 757 3904 789 3978">
    <p class='ocr_par' dir='ltr' id='par_1_9' title="bbox 757 3904 789 3978">
     <span class='ocr_line' id='line_1_30' title="bbox 757 3904 789 3978; baseline 0 0"><span class='ocrx_word' id='word_1_210' title='bbox 757 3904 789 3978; x_wconf 88' lang='grc' dir='ltr'>Ε</span> 
     </span>
    </p>
   </div>
   <div class='ocr_carea' id='block_1_4' title="bbox 1367 3879 1375 3908">
    <p class='ocr_par' dir='ltr' id='par_1_10' title="bbox 1367 3879 1375 3908">
     <span class='ocr_line' id='line_1_31' title="bbox 1367 3879 1375 3908; baseline 0 0"><span class='ocrx_word' id='word_1_211' title='bbox 1367 3879 1375 3908; x_wconf 76' lang='lat' dir='ltr'>l</span> 
     </span>
    </p>
   </div>
   <div class='ocr_carea' id='block_1_5' title="bbox 0 0 1546 4868">
    <p class='ocr_par' dir='ltr' id='par_1_11' title="bbox 0 0 1546 4868">
     <span class='ocr_line' id='line_1_32' title="bbox 0 0 1546 4868; baseline 0 0"><span class='ocrx_word' id='word_1_212' title='bbox 0 0 1546 4868; x_wconf 95' lang='lat' dir='ltr'> </span> 
     </span>
    </p>
   </div>
  </div>
 </body>
</html>
