3120 4860
364 405 431 477 262
566 393 1144 526 -C.Conuunr1TAcrrr

365 581 393 616 “
411 572 543 644 diarum
577 567 698 640 civitas
723 554 891 664 loquitur.
943 567 989 640 Et
1014 565 1117 638 habet
1140 561 1346 646 sectatores,

365 699 392 734 “
410 691 465 759 vel
483 687 595 784 potius
617 687 787 776 satellites,
814 687 874 784 qui
898 688 1056 760 nondum
1079 680 1346 760 contumaciam

364 817 391 851 “
408 806 668 896 sententiarum,
688 807 745 880 sed
765 806 924 880 habitum
943 807 1147 902 vultumque
1171 801 1242 900 ejus
1265 798 1343 872 sec-

363 935 393 970 “
410 947 540 1018 tantur,
566 927 672 1028 rigidi
698 933 732 1001 ὃς
756 927 879 1015 tristes,
907 925 978 1023 quo
995 925 1060 998 tibi
1083 922 1252 997 lasciviam
1274 919 1343 992 eit-

364 1055 391 1090 “
411 1049 588 1144 probrent.
639 1048 737 1124 Huic
760 1047 821 1120 uni
847 1045 1066 1120 incolumitas
1087 1065 1146 1119 tua
1168 1047 1235 1116 srne
1251 1060 1342 1130 arte,

365 1176 392 1212 ‘⁶
412 1171 481 1240 sine
502 1171 647 1250 honore.
697 1166 879 1265 Prosperae
912 1165 1081 1263 Principis
1096 1233 1098 1243 i
1114 1189 1164 1237 res
1191 1161 1338 1260 spernit:

364 1297 391 1334 “
411 1290 560 1364 etiamne
580 1269 741 1363 ⁸lutilibus
778 1293 812 1360 ἃ
852 1287 1033 1361 doloribus
1068 1311 1140 1358 non
1173 1283 1336 1356 satiatur?

365 1418 394 1456 ‘⁶
415 1409 578 1508 Ejusdem
600 1409 708 1482 animi
730 1410 790 1496 est,
816 1411 1008 1504 Poppaeam
1026 1406 1147 1479 divam
1168 1431 1241 1478 non
1264 1427 1340 1476 cre-

273 1534 278 1543 “
366 1539 395 1574 “
413 1533 507 1620 dere,
531 1527 627 1626 cujus
657 1529 693 1600 in
718 1531 793 1600 atla
819 1527 892 1598 divi
915 1526 1064 1624 Augusti
1091 1530 1125 1598 δι
1154 1523 1228 1599 divi
1257 1521 1343 1618 Julii

367 1659 394 1696 “
413 1648 623 1745 nonjurare.
674 1647 809 1743 Spernit
834 1646 1030 1749 religiones,
1062 1648 1208 1743 abrogat
1234 1647 1340 1742 leges.

365 1777 393 1812 “
412 1770 546 1843 Diurna
563 1766 685 1863 populi
703 1764 856 1849 Romani
883 1790 945 1860 per
966 1763 1170 1860 provincias,
1196 1791 1258 1860 per
1278 1789 1340 1837 ex-

363 1897 391 1932 “
410 1889 546 1974 ercitus‚
582 1885 734 1959 curatius
766 1886 941 1983 leguntur,
980 1910 1023 1956 ur
1060 1883 1216 1956 noscatur
1254 1885 1343 1982 quid

360 2005 561 2080 “Thrasea
588 2032 662 2079 non
683 2003 810 2078 fecerit.
860 2009 948 2086 'Aut
976 2001 1185 2076 transeamus
1208 2005 1254 2076 ad
1283 2005 1341 2077 illa

303 2171 307 2180 »
366 2136 394 2172 “
412 2126 577 2220 instituta,
604 2130 627 2199 fi
652 2126 787 2224 potiora
806 2123 909 2198 sunt:
937 2144 995 2198 aut
1011 2150 1101 2197 nova
1123 2125 1341 2222 cupientibuo

367 2255 396 2291 “
416 2245 590 2320 auferatur
606 2249 680 2320 dux
699 2251 732 2319 ἃ
755 2247 887 2320 auctor.
939 2245 1005 2318 Ista
1021 2244 1108 2318 setta
1121 2247 1338 2336 Tuberones,

369 2375 396 2416 “
416 2374 449 2442 ἃ
473 2367 660 2456 Favonios,
687 2365 793 2440 veteri
823 2392 963 2465 quoque
987 2365 1183 2464 reipublicae
1209 2367 1342 2464 ingrata

367 2497 394 2532 “
412 2489 569 2578 nomina,
587 2487 719 2586 genuit.
741 2503 744 2508 '
768 2489 821 2560 Ut
837 2487 1025 2584 imperium
1049 2507 1216 2578 evertant,
1241 2487 1340 2562 liber-

367 2617 395 2654 “
413 2628 519 2682 tatem
537 2605 746 2706 praeferunt:
767 2611 789 2680 fi
809 2607 1050 2704 perverterint,
1076 2610 1267 2682 libertatern
1285 2607 1340 2704 ip-

321 2825 323 2830 !
367 2737 394 2774 ‘⁶
412 2729 483 2804 sam
497 2725 755 2835 adgredientun
805 2727 942 2800 Frustra
958 2729 1110 2802 Caffium
1126 2726 1297 2816 amovisti,
1317 2731 1342 2802 fi

368 2859 396 2896 “
414 2848 554 2948 gliscere
573 2855 605 2922 δι
623 2848 742 2948 vigere
758 2850 941 2921 Brutorum
958 2851 1101 2922 aemulos
1119 2851 1270 2946 passurus
1293 2873 1340 2921 es.

370 2979 398 3016 “
417 2969 580 3068 Denique
596 2968 683 3044 nihil
701 2967 771 3065 ipse
788 2970 832 3042 de
848 2968 998 3042 Thraserl
1010 2967 1191 3066 scripseris,
1210 2967 1341 3065 discep-

353 3099 397 3192 .“
415 3111 564 3164 tatorem
589 3088 742 3163 senatum
760 3089 860 3162 nobis
886 3090 1078 3187 relinque.'·'
1129 3089 1278 3163 Extollit
1295 3088 1342 3163 irt

367 3232 572 3308 promptum
596 3208 787 3284 Cossutiani
817 3209 974 3282 animum
998 3212 1120 3283 Nero:
1157 3209 1341 3308 adjicitque

369 3307 580 3407 Marcellum
604 3330 752 3427 Eprium
776 3329 846 3410 acri
872 3330 1078 3427 eloquentis.

205 3405 226 3446 ¹⁷
293 3435 296 3440 ⁵
412 3451 550 3522 XXIII.
576 3455 636 3522 Ar
664 3453 806 3524 Baream
829 3453 998 3524 Soranum
1018 3450 1093 3548 jam
1112 3450 1172 3526 fibi
1187 3450 1343 3526 Ostorius

367 3570 526 3660 Sabinus,
572 3587 678 3669 eques
705 3574 902 3660 Romanus,
932 3571 1130 3668 poposcerat
1158 3597 1268 3661 reum,
1298 3598 1343 3646 err

369 3667 607 3791 proconsulatu
642 3693 746 3779 Afiae,
781 3689 818 3763 in
846 3693 914 3789 qul
947 3682 1148 3772 offensrones
1176 3682 1342 3788 Principis

367 3812 478 3904 punit,
505 3809 635 3910 justiti&
669 3829 776 3921 etque
809 3809 996 3896 industris:
1039 3816 1072 3896 ὃς
1108 3809 1189 3920 quia
1223 3813 1340 3922 portui

508 3911 513 3926 ι’
