3076 4868
436 412 758 484 'dannatum
789 411 903 489 lata.
939 413 1006 490 XI.
1188 429 1234 506 27

292 581 451 662 XXXII.
489 582 584 656 Nost
618 607 757 658 aunon
790 556 931 674 interea,
969 583 1028 662 sed
1066 585 1227 684 undique

245 702 358 788 nuntii
391 701 571 797 incedunt,
607 705 670 802 qui
710 709 865 803 “gnara
898 705 1048 782 Claudio
1085 708 1226 796 cundia,

247 831 276 880 5‘
296 829 330 898 St
347 824 465 930 venire
490 846 697 923 promptum
722 826 871 902 ultioni''
895 828 1065 904 afferrent.
1115 827 1228 926 Igitur

244 946 431 1024 Messalina
450 946 685 1021 Lucullianos
705 946 743 1018 in
770 949 901 1037 hortos,
930 947 1044 1038 Silius,
1074 946 1229 1024 diffiniu-

245 1068 350 1148 lando
368 1087 480 1159 metu,
509 1070 555 1142 ad
573 1067 692 1142 munia
716 1065 781 1148 sori
798 1067 1068 1166 digrediuntur,
1100 1068 1246 1144 Ceteris*

245 1191 367 1287 passim
396 1188 643 1280 dilabentibus,
672 1187 814 1265 adsudre
846 1163 1076 1278 centuriones,
1101 1188 1231 1264 indita.

248 1335 318 1408 que
334 1308 412 1384 sunt
428 1308 581 1396 vincula,
610 1326 648 1380 ut
673 1307 751 1408 quis
771 1307 1004 1404 reperiebatur
1019 1309 1055 1382 in
1073 1310 1229 1406 publico,

249 1447 311 1503 aut
344 1451 407 1525 per
434 1428 590 1500 latebras.
639 1427 825 1503 Messalina
853 1446 985 1516 tamen,
1015 1454 1231 1526 quamquam

138 1585 139 1590 ¹
248 1574 300 1628 res
327 1545 476 1624 adversa
498 1545 677 1628 confilium
706 1548 912 1636 adimerent,
942 1547 990 1622 ire
1014 1548 1173 1639 obviam,
1198 1555 1232 1626 δε

216 1702 219 1710 ¹
248 1667 355 1766 aspici
381 1695 400 1742 a
429 1666 567 1756 marito,
594 1669 690 1766 quod
721 1669 810 1764 saepe
838 1667 1028 1746 subsidium
1050 1671 1229 1762 habuerat,

248 1791 343 1864 haud
360 1787 507 1888 segniter
532 1787 698 1864 intendit:
720 1785 884 1887 jussitque
911 1796 994 1868 “ut
1013 1790 1244 1868 Britannicus

249 1918 278 1956 “
297 1916 331 1986 ὅτ
366 1909 513 1986 octavia
544 1909 580 1986 in
615 1911 845 2006 complexum
875 1910 979 2007 patris
1010 1915 1232 2010 pergerent.'’

249 2031 302 2109 Et.
319 2031 514 2120 Vibidiam,
542 2029 719 2128 virgiuum
743 2029 934 2106 Vestalium
958 2031 1232 2124 vetustiffimam,

248 2153 371 2243 oravit,
391 2160 426 2202 =“
443 2151 623 2235 Pontificio
653 2148 799 2246 maxirui
828 2173 925 2224 aures
952 2149 1059 2239 adire,
1081 2153 1234 2228 clemen-

249 2280 278 2323 “
296 2274 379 2348 tiam
403 2271 602 2369 expetere.’'
652 2273 774 2366 Atque
801 2267 939 2371 interim
960 2267 1069 2344 tribus
1091 2273 1235 2355 omnino

247 2393 499 2472 comitantibus
527 2391 581 2488 (id
604 2389 745 2487 repente
769 2387 960 2468 solitudinis
975 2391 1063 2484 erat)
1090 2387 1238 2488 spatium

250 2513 361 2591 Urbis
378 2513 525 2612 pedibus
541 2512 691 2602 emensa,
712 2493 888 2600 vehiculo,
916 2537 989 2610 quo
1006 2531 1237 2610 purgamenta

248 2636 429 2716 hortorum
446 2633 653 2732 eripiuntur,
669 2631 864 2712 Ostiensem
883 2632 976 2708 viarn
992 2632 1114 2708 intrat:
1142 2634 1250 2730 nulli‘

249 2751 454 2853 cujusquam
478 2754 723 2845 misericordia,
759 2753 842 2853 quia
870 2752 1086 2853 flagitiorum
1120 2751 1236 2830 desor-

252 2875 352 2956 mitas
376 2876 594 2972 prevalebat.
1220 2959 1223 2966 .

300 2972 476 3070 Xllell.
501 2997 829 3072 Tanarussnrutt
860 2985 1087 3072 nihilominus
1112 3021 1132 3069 a
1157 2976 1259 3070 Cae·'

252 3113 350 3204 sare:
379 3108 510 3212 quippe
527 3118 642 3206 Getae,
669 3115 818 3212 praetorii
836 3113 1014 3214 prestito,
1043 3117 1138 3192 haud
1159 3115 1237 3190 satis

253 3236 400 3327 fidebat,
414 3236 471 3312 ,ad
488 3237 640 3326 honesta,
658 3235 716 3312 seu
739 3263 858 3334 prava,
879 3234 983 3336 juxta
1007 3237 1088 3310 levi.
1140 3239 1239 3336 Ergo

253 3355 445 3448 Narcissus,
477 3354 666 3453 adsumptis
689 3356 818 3456 quibus
841 3357 935 3434 idem
953 3377 1084 3448 metus,
1119 3363 1148 3400 “
1165 3383 1238 3434 non

256 3486 284 3530 ‘⁶
301 3479 406 3560 aliam
447 3475 544 3576 spem
584 3476 833 3556 incolumitatis
863 3475 1031 3560 ‘Caesaris'
1078 3477 1238 3568 affirmat,

199 3689 201 3698 ¹
255 3606 284 3644 “
302 3601 411 3697 quim
438 3597 538 3698 fijus
571 3596 723 3674 militum
752 3623 823 3676 uno
852 3597 914 3672 illo
930 3596 1002 3701 ¹die
1026 3597 1063 3670 in
1086 3596 1239 3696 aliquem

257 3721 506 3799 “libertorum
532 3717 725 3794 transferret
741 3720 778 3791 :²⁹
806 3724 835 3762 “
853 3717 982 3815 seque’'
995 3718 1096 3792 offert
1127 3725 1154 3760 ‘⁴
1172 3715 1240 3790 susa

259 3847 287 3904 tt
305 3843 524 3953 teptumm.’'
574 3844 631 3916 Ac
649 3864 707 3930 ne,
723 3840 814 3922 dum
827 3838 865 3922 in
877 3839 1017 3919 Urbern'
1029 3835 1181 3926 vehitur,
1194 3836 1240 3916 ad
