3006 4866
502 430 911 502 Gsnunurn
1124 447 1194 525 3m

216 599 424 689 Suevorum,
455 597 577 697 lingua
601 593 804 674 Britannicae
832 599 988 698 propior.
1038 602 1194 673 Matrem

215 719 324 793 desim
351 739 577 794 venerantur:
609 717 742 817 insigne
770 717 1032 818 superstitionis,
1065 717 1194 792 formas

215 865 376 942 aprorum
396 838 540 938 gestant.
591 839 633 911 ld
657 866 720 937 pro
748 841 852 912 armis
874 841 1041 938 omnique
1063 839 1195 914 tuteli:

216 958 376 1032 securum
393 959 468 1030 deae
495 960 663 1032 cultorem
686 959 789 1032 etiam
818 960 905 1033 inter
920 959 1033 1033 hostes
1050 959 1195 1057 praestat.
1222 983 1227 1004 ‘

217 1081 333 1152 Rarus
345 1076 437 1167 ferri,
461 1076 621 1177 frequens
637 1079 780 1153 fustium
797 1078 887 1154 usus.
937 1083 1195 1154 Frumentace-
1260 1155 1266 1172 ἱ
1320 1137 1326 1144 .

216 1199 375 1298 terosque
391 1197 520 1272 fruetus
546 1199 741 1297 patientius,
769 1201 876 1298 quam
897 1225 961 1298 pro
987 1200 1082 1273 solitd
1106 1198 1198 1273 Gerss

217 1343 402 1392 manorum
419 1317 553 1410 inertis,
571 1321 742 1392 laborant.
792 1321 859 1393 Sed
878 1325 912 1392 ἃ
931 1345 1025 1391 mare
1045 1318 1197 1393 scrutan-

215 1456 291 1524 tur;
321 1464 362 1512 ac
378 1438 440 1510 soli
461 1439 622 1512 omnium
644 1439 836 1530 succinum,
866 1441 963 1536 quod
987 1441 1049 1535 ipsr
1074 1438 1196 1533 Glesum

216 1578 358 1649 vocant,
372 1559 460 1632 inter
470 1561 560 1633 vada
576 1579 681 1658 atque
693 1559 728 1632 in
741 1559 813 1656 ipso
824 1561 921 1633 litore
934 1562 1067 1658 legunt.
1101 1561 1195 1649 Nec,
1211 1629 1213 1640 ,

216 1705 295 1775 quae
313 1699 448 1770 natura,
462 1705 589 1777 quaeve
602 1664 693 1753 'ratio
711 1681 847 1778 gignat,
866 1701 906 1752 ut
922 1681 1088 1770 barbaris,
1101 1705 1198 1776 quae-
1281 1773 1283 1776 Ι

215 1801 316 1873 situm
340 1821 615 1898 compertumve.
666 1799 740 1873 Diu
764 1801 953 1898 quinetiam
977 1800 1064 1874 inter
1087 1821 1200 1874 cetera

214 1917 438 2016 ejeclamenta
465 1919 747 2017 maris-jacebat,
775 1923 888 1993 donee
918 1921 1057 1994 luxuria
1083 1920 1198 1996 nostra

213 2039 312 2110 dedit
329 2063 479 2110 nomen:
507 2015 585 2134 ipsis
599 2038 635 2108 in
657 2040 754 2110 nullo
772 2036 833 2110 usu
846 2039 965 2123 trude
982 2039 1120 2136 legitur,
1142 2040 1197 2114 in·

214 2147 326 2230 ferme
352 2155 530 2254 perfertur,
563 2155 782 2254 pretiumque
814 2156 994 2244 mirantes,
1010 2159 1198 2255 accipiunt.

214 2280 367 2350 Succum
396 2297 514 2360 tamen
538 2275 703 2348 arborum
728 2279 794 2350 esse
815 2277 999 2376 intelligas,
1027 2277 1109 2376 quia
1126 2299 1197 2352 ter-

215 2423 299 2470 rena
327 2397 489 2494 quaedam
515 2416 620 2494 atque
637 2397 741 2470 etiam
758 2398 913 2471 volucria
940 2396 1102 2471 animalia
1123 2381 1196 2495 ple·

216 2542 368 2616 rumque
392 2517 612 2608 interlucent,
627 2495 709 2616 ‘quae
727 2519 905 2616 implicata
921 2521 1081 2610 humore,
1109 2547 1196 2594 mox

203 2637 416 2714 'durescente
432 2637 589 2728 material,
609 2639 808 2718 cluduntur.
859 2641 1077 2717 Fecundiora
1090 2640 1196 2739 igitur

216 2785 360 2832 nemora
376 2759 555 2857 lucosque,
575 2761 658 2833 srcut
674 2760 825 2834 Orientis
837 2762 988 2854 secretis,
1012 2762 1072 2836 ubi
1091 2765 1194 2838 thura

214 2873 434 2979 balsamaque
457 2879 635 2970 sudantur,
660 2881 708 2954 ita
728 2881 929 2956 Occidentis
955 2881 1072 2956 insulis
1088 2882 1196 2956 terris-

216 3021 285 3101 que
302 3001 406 3076 iness'e
422 3001 746 3100 crediderim,·quae
772 3001 877 3076 vicini
899 3001 986 3076 Solis
1009 3003 1111 3082 radiis
1134 3029 1196 3077 ex·

168 3216 171 3226 ,
216 3125 328 3220 pressa
350 3143 456 3220 atque
480 3122 648 3219 liquentia
671 3123 707 3195 in
733 3122 938 3220 proximum
962 3147 1056 3196 mate
1073 3125 1195 3198 labun-

160 3307 168 3316 .
215 3262 287 3334 tur,
305 3269 346 3316 ac
362 3243 401 3317 vi'
415 3243 662 3346 tempestatum
678 3244 715 3316 in
730 3243 871 3316 adversa
887 3244 988 3318 litora
1004 3247 1194 3322 exundant.

216 3363 250 3436 Si
268 3383 426 3438 naturam
443 3362 570 3438 succini
586 3365 731 3438 admoto
747 3363 831 3462 igne
847 3384 971 3455 tentes,
994 3364 1030 3438 in
1047 3367 1196 3440 modum

215 3486 306 3558 tedae
335 3485 546 3577 accenditur,
584 3485 714 3583 alitque
745 3487 926 3566 flammam
961 3483 1130 3583 pinguem
1161 3491 1196 3562 ὅτ

214 3607 394 3678 olentem:
426 3631 512 3678 mox
539 3624 578 3677 ut
605 3606 641 3677 in
670 3605 786 3704 picem
818 3609 1006 3678 resinamve
1032 3606 1195 3680 lentescit.

168 3778 171 3786 ι
218 3725 405 3800 Suionibus
434 3725 593 3798 Sitonum
620 3725 1023 3823 geistesscontinuantur.
1074 3729 1197 3800 Cetera

216 3846 353 3939 similes,
388 3872 459 3922 uno
488 3847 664 3941 differunt,
696 3845 797 3942 qudd'
822 3827 950 3922 semina
978 3844 1194 3923 dominatur:

672 3969 756 4071 X3
