3126 4864
434 389 1009 464 Anuaaruanrn.Xlll.
1092 361 1093 368 ἵ
1194 380 1336 489 99*

263 580 356 636 retur
372 561 581 658 institutum,
615 582 675 636 aut
700 561 874 662 utriusque
902 581 1012 636 morte
1038 563 1240 661 proderetur
1286 647 1290 669 .

259 683 382 773 scelus,
410 683 486 758 talis
512 685 617 758 dolus
646 703 800 781 repertus
832 685 890 757 est.
939 681 1090 756 Innoxia
1106 685 1237 775 adhuc,

261 829 301 877 ac
319 804 517 900 praecalida,
549 809 583 878 δι
612 803 719 877 libata
745 803 847 902 gustu
883 803 977 902 potio
1009 803 1156 877 traditur
1167 805 1239 878 Bri·

259 924 412 998 tanuicos
463 923 571 1013 Dein,
607 923 792 1022 postquam
820 923 956 999 fervore
983 925 1238 1023 aspernabatur,

260 1042 387 1144 frigida
420 1045 457 1118 in
485 1047 576 1142 aquia
603 1043 804 1118 adfunditur
830 1070 1033 1132 venenum3
1074 1047 1172 1144 quod
1192 1047 1241 1120 ita

255 1167 403 1239 cundos
420 1164 491 1263 ejus
507 1149 773 1262 artus'pervasrt,
799 1185 838 1237 ut
856 1191 928 1238 vox
957 1167 1082 1262 pariter
1112 1173 1146 1240 δι
1170 1166 1237 1264 spi-

262 1285 346 1359 ritus
364 1304 572 1381 raperentur.
621 1284 833 1382 Trepidatur
853 1311 873 1358 a
894 1285 1237 1376 circumsedentibus,

261 1404 456 1504 diffugiunt
477 1399 726 1501 imprudentes.
777 1410 826 1479 At
855 1406 983 1503 quibus
1011 1405 1111 1478 altior
1140 1406 1240 1479 intel·

263 1526 386 1614 ledus,
428 1525 583 1598 refistunt
608 1526 730 1616 defixi,
770 1531 804 1600 δι
839 1529 1022 1600 Neronem
1055 1525 1239 1602 intuentes.

260 1647 338 1736 Ille,
365 1665 403 1720 ut
434 1666 506 1718 erat
531 1646 679 1738 reclinis,
709 1651 744 1719 δε
760 1647 874 1721 nescio
892 1647 1021 1738 similis,
1055 1646 1240 1721 “solitum

260 1774 288 1810 “‘
305 1765 390 1857 ita,''
421 1767 483 1857 ait,
514 1774 541 1810 “
561 1793 622 1865 per
638 1767 852 1844 comitialem
870 1772 1050 1860 morbum,
1071 1795 1150 1868 quo
1167 1770 1237 1867 pri·
1332 1857 1333 1864 ἵ

260 1895 288 1931 “
306 1887 405 1962 mum
434 1890 480 1962 ab
508 1886 651 1962 infantis
685 1889 920 1964 adflictaretur
942 1891 1171 1980 Britannicus,
1203 1895 1237 1963 δι

259 2017 287 2053 “
307 2009 477 2082 redituros
495 2009 674 2106 paullatim
686 2007 776 2079 visus
788 2006 1002 2103 sensusque.”
1040 2015 1090 2081 At
1104 2010 1236 2106 Agrip-

259 2129 350 2226 pinae
379 2128 407 2204 is
436 2153 559 2226 pavor,
589 2151 630 2198 ea
658 2125 889 2200 consternatio
906 2127 1045 2214 mentis,
1076 2132 1236 2222 quamvls

256 2251 357 2324 vultu
385 2265 614 2347 premeretur,
638 2243 796 2333 emicuit,
830 2265 870 2316 ut
905 2243 1046 2340 perinde
1078 2229 1233 2340 ignaram

258 2369 372 2458 fuisse,
402 2394 443 2442 ac
466 2367 618 2440 sororem
640 2363 827 2438 Britannici
850 2365 1050 2455 octaviam,
1074 2365 1236 2439 constite-
1275 2359 1276 2362 ¹

258 2487 320 2562 rit:
358 2488 491 2586 quippe
507 2486 568 2560 s1bi
584 2485 783 2584 supremum
801 2485 971 2590 auxilium
999 2505 1172 2583 ereptum,
1203 2493 1237 2566 ὃς
1255 2515 1265 2572 '.

259 2609 431 2710 parricidii
449 2609 652 2706 exemplum
669 2605 896 2706 intelligebat.
913 2605 1060 2679 Odiavia
1078 2634 1235 2707 quoque,
1294 2637 1304 2660 .-

258 2731 417 2828 quamvis
435 2731 579 2806 rudibus
596 2727 707 2818 annis,
727 2709 900 2817 dolorem,
933 2726 1133 2834 caritatem,
1158 2755 1235 2803 om-

258 2875 319 2924 nes
333 2851 474 2925 assedus
502 2850 711 2926 abscondere
735 2847 916 2922 didicerat.
967 2850 1019 2925 Ita
1036 2850 1234 2947 postbreve

260 2970 446 3060 filentium,
473 2971 618 3068 repetita
641 2951 950 3044 convivii'laetitia.

307 3093 423 3166 XVII.
450 3093 539 3164 Nox
557 3093 679 3164 eadem
704 3115 827 3166 necem
842 3089 1028 3164 Britannici
1055 3093 1233 3190 &rogum

257 3210 453 3310 conjunxit,
485 3211 623 3309 proviso
652 3212 729 3284 ante
747 3210 885 3285 funebri
905 3233 1038 3307 paratu,
1065 3211 1126 3308 qui
1155 3239 1232 3286 mo·
1268 3233 1298 3280 ¹.

249 3334 359 3410 dicus
384 3331 461 3405 suit.
511 3335 551 3405 In
580 3357 705 3428 campo
729 3354 846 3405 tamen
863 3331 987 3406 Martis
1003 3331 1152 3428 sepultus
1168 3334 1231 3424 est,

249 3454 345 3528 adeb
362 3452 507 3530 turbidis
523 3451 706 3542 imbribus,
721 3473 759 3526 ut
775 3455 903 3551 vulgus
921 3452 1007 3526 iram
1023 3453 1130 3526 delun
1153 3479 1232 3551 por.

251 3575 352 3651 tendi
369 3571 553 3650 crediderit
570 3573 730 3667 adversus
746 3571 891 3662 facinus,
910 3571 966 3646 cui
989 3573 1145 3672 plerique
1171 3576 1232 3650 eti-

257 3721 315 3769 am
337 3677 522 3770 hominum
550 3692 784 3792 ignoscebant,
813 3693 971 3792 antiquas
999 3693 1139 3769 fratrum
1164 3695 1231 3769 dis·

254 3816 405 3909 cordias,
431 3821 465 3896 ἃ
494 3813 691 3898 insociabile
715 3836 864 3912 regnum
882 3815 1094 3892 aestimantes
1144 3816 1231 3894 Tra-

161 3927 169 3938 ’
718 3937 761 4012 H
790 3961 809 4012 a
