3006 4866
348 395 422 471 304
549 365 592 440 C.
621 363 1139 476 eonnamftnem
1195 345 1198 350 ¹

339 541 501 632 hibernis,
519 539 624 616 etiam
636 540 768 616 Gallias
784 540 1023 616 adfectavere:
1050 564 1091 613 ac
1108 535 1218 620 rursus
1236 535 1336 635 pulsi

338 663 433 753 inde,
451 661 618 759 proximis
628 663 843 762 temporibus
855 661 1059 762 triumphati
1070 661 1195 759 magis,
1212 660 1333 757 quam

338 782 421 856 vieti
438 782 524 860 sunt.
1180 871 1183 878 .
1289 830 1293 840 ·

386 905 599 979 XXXVIII.
624 905 745 978 Nunc
763 906 809 980 de
824 903 941 978 Suevis
952 902 1142 977 dicendum
1151 901 1214 992 est,
1228 927 1327 999 quo-

335 1051 416 1098 rum
433 1049 504 1098 non
520 1051 603 1116 una,
621 1045 659 1099 ut
676 1027 858 1110 Cattorum
873 1027 1184 1112 Tencterorumve,
1204 1049 1293 1121 gens
1310 1050 1322 1094 ε

337 1143 505 1244 majorem
522 1147 615 1220 enim
628 1145 826 1220 Germania
840 1165 973 1244 partem
986 1144 1156 1234 obtinent,
1170 1143 1324 1240 propriis

337 1269 455 1360 ¹adhuc
483 1267 683 1342 nationibus
715 1264 982 1364 nominibusque
1016 1264 1163 1357 discreti,
1192 1289 1320 1360 quam-

338 1413 447 1488 quam
463 1389 500 1461 in
524 1412 714 1463 commune
731 1393 831 1460 Sueui
848 1407 1026 1461 vocentur.
1075 1389 1213 1484 Infigne'
1231 1411 1319 1483 gen-

335 1509 380 1585 tis
407 1509 586 1608 obliquare
612 1509 759 1598 crinem,
785 1510 950 1606 nodoque
974 1507 1211 1606 substringere.
1261 1505 1320 1580 Sic

335 1630 438 1704 Suevi
453 1657 474 1702 a
490 1629 611 1702 ceteris
628 1627 838 1702 Germanis:
862 1633 907 1702 fic
930 1632 1122 1704 Suevorum
1139 1628 1280 1726 ingenui
1297 1653 1319 1701 a

334 1747 440 1824 servis
466 1749 697 1844 separantur..
722 1750 765 1820 In
792 1749 865 1821 aliis
896 1749 1071 1846 gentibus,
1098 1747 1155 1824 seu
1183 1731 1317 1848 cogna-

334 1869 434 1944 tione
454 1868 570 1967 aliqua
591 1869 799 1958 Suevorum,
826 1868 882 1942 seu
908 1872 1025 1974 (quod
1054 1871 1142 1968 saepe
1170 1869 1330 1964 accidit)

335 1989 543 2080 imitatione,
564 2015 693 2080 rarum,
713 1994 747 2062 &
765 1989 854 2062 intra
864 1987 1018 2092 juventa
1033 1989 1203 2089 spatium;
1220 1991 1316 2087 apud

333 2115 479 2204 Suevos,
505 2109 686 2209 usquead
710 2109 886 2202 canitiem,
920 2111 1118 2184 horrentem
1147 2111 1316 2209 capillum
1352 2135 1361 2152 ·
1431 2121 1434 2134 '

328 2254 423 2332 tetro
446 2235 645 2330 sequuntur,
668 2257 709 2304 ac
726 2230 814 2328 saepe
838 2231 874 2303 in
898 2230 970 2329 ipso
994 2231 1065 2304 solo
1082 2233 1209 2306 vertice
1231 2231 1313 2306 reli·

336 2375 446 2455 gant:
475 2352 645 2452 principes
679 2357 712 2425 tc
747 2352 953 2426 ornatiorem
987 2355 1137 2428 habent:
1168 2381 1207 2428 ea
1231 2380 1312 2427 cura

332 2477 468 2566 sormae,
514 2471 587 2568 sed«
605 2471 770 2545 innoxiae.
836 2475 964 2571 Neque
996 2473 1091 2548 enim
1122 2495 1162 2549 ut
1193 2482 1342 2549 ament'

330 2616 557 2679 amenturve3
577 2592 612 2666 in
627 2593 845 2667 altitudinem
864 2593 1054 2691 quamdam
1073 2601 1107 2669 &
1130 2617 1307 2686 terrorem,

218 2785 223 2792 .
260 2781 264 2797 ,
330 2715 455 2793 adituri
480 2715 584 2805 bella,
603 2714 751 2812 compti,
769 2697 807 2786 ut
823 2713 976 2788 hostium
994 2715 1115 2805 oculis,
1132 2735 1306 2789 ornantur.

378 2837 555 2913 XXXIX.
582 2842 610 2879 “
629 2829 935 2908 Vniusrtsstmos
962 2835 995 2910 se
1019 2835 1307 2934 nobilissimosque

329 2967 358 3004 “
375 2957 596 3032 Suevorum”
621 2957 810 3030 Semnones
838 2977 1043 3030 memorant.
1093 2957 1195 3031 Fides
1218 2957 1305 3028 anti-

293 3077 296 3084 ’
327 3080 482 3179 quitatis,
512 3076 677 3176 religi0ne
696 3079 864 3149 firmatur.
913 3079 1009 3150 Stato
1026 3099 1182 3175 tem-pore
1199 3079 1235 3150 in
1252 3079 1305 3150 sil·

325 3227 421 3288 vam,
445 3197 595 3295 auguriis
621 3201 811 3294 patrum&
836 3196 942 3294 prisca
959 3197 1143 3272 formidine
1160 3199 1303 3288 sacram,

325 3343 447 3392 omnes
465 3316 615 3414 ejusdem
633 3315 807 3413 sanguinis
833 3319 953 3416 populi
971 3319 1204 3418 legationibus
1221 3325 1301 3394 co'e'-

323 3459 402 3528 unt,
433 3435 589 3536 caesoque
623 3437 763 3533 publice
795 3439 937 3512 homine
965 3442 1140 3513 celebrant
1168 3439 1302 3514 barbari

323 3557 409 3631 titiis
425 3558 596 3630 horrenda
620 3557 820 3654 primordia.
872 3559 934 3632 Est
960 3563 993 3632 δι
1018 3559 1084 3632 alia
1108 3562 1188 3633 luco
1204 3585 1300 3632 reve-

324 3675 443 3758 rentia.
493 3679 616 3748 Nemo
642 3677 701 3750 nisi
719 3677 858 3752 vinculo
884 3679 1010 3777 ligatus
1032 3679 1236 3778 ingreditur,
1263 3699 1301 3752 ut

322 3799 449 3888 minor,
461 3801 509 3870 ¹&
540 3785 748 3895 potestatem¹
770 3799 922 3874 numinis
952 3827 1022 3899 prae
1055 3799 1088 3876 se
1112 3799 1252 3873 serens:
1279 3801 1332 3879 li.
