3076 4868
305 367 346 419 12
532 343 574 417 C.
607 345 880 418 Conuenit
912 340 1178 421 Tncrrr'·

299 479 435 615 magnis
467 515 632 612 praemiis,
657 517 809 614 opperiri
836 517 966 610 futura,
993 522 1027 590 δι
1054 516 1281 616 praesentibus
1340 603 1344 612 1

297 635 379 725 frui,
410 662 473 733 pro
505 635 624 710 solatio
657 640 819 712 habebat.
869 641 945 713 Illa
962 666 1033 713 non
1059 637 1195 730 furtim,
1220 639 1281 712 sed

296 757 409 830 multo
426 756 594 830 comitatu
619 759 789 832 ventitare
813 761 979 846 domum3
1009 758 1195 858 egrellibus
1217 760 1279 856 ad-

295 873 496 962 haerescere3
524 878 644 977 largiri
654 903 759 977 opes,
778 882 946 954 honores:
975 880 1165 978 postremb,
1183 881 1279 953 velut

296 997 454 1070 transsata
470 994 547 1094 jam
569 997 718 1090 fortuna,
745 997 848 1092 servi,
873 999 1001 1094 liberti,
1029 1019 1163 1098 paratus
1179 999 1278 1073 Prin—

296 1115 383 1214 cipis
400 1117 496 1215 apud
515 1121 714 1194 adulterum
731 1119 939 1195 visebantur.
961 1133 966 1137 ’

344 1239 444 1312 ΧΙΙΙ.
470 1245 530 1314 Ar
549 1241 758 1315 Conuorus
776 1242 989 1316 matrimonii
1006 1240 1055 1315 sui
1073 1241 1224 1340 ignarus,
1243 1241 1278 1313 δι

295 1359 417 1433 munia
453 1358 604 1434 censoria
637 1361 818 1457 usurpans,
866 1370 894 1404 “
920 1363 1126 1434 theatralem
1159 1359 1280 1459 populi

295 1488 325 1524 “
343 1480 542 1554 lasciviam”
575 1479 697 1552 severis
722 1479 857 1552 'edictis
891 1480 1079 1577 increpuit,
1127 1489 1155 1522 “
1181 1480 1300 1578 qubd¹

295 1606 325 1643 “
342 1600 380 1672 in
396 1603 436 1673 P.
455 1587 692 1695 Pomponium
710 1597 949 1672 consularem''
961 1600 1018 1694 ,(is
1035 1599 1191 1678 carmina
1205 1596 1278 1672 sce-

294 1727 350 1792 riae
373 1720 498 1812 dabat)
526 1718 681 1816 “inque
702 1717 847 1792 feminas
871 1717 1028 1794 inlustres
1050 1718 1276 1820 probra-jece-

296 1848 324 1883 “
343 1841 433 1913 rat.'’
485 1842 531 1912 Et
549 1839 627 1940 lege
652 1841 733 1932 lata,
752 1839 919 1922 saevitiam
943 1840 1154 1914 creditorum
1179 1848 1277 1915 coer-

294 1960 380 2050 cuit,
406 1987 451 2034 ne
481 1961 517 2032 in
546 1981 695 2034 mortem
724 1982 907 2060 parentum
929 1961 1099 2059 »pecunias
1120 1963 1199 2035 liliis
1227 1962 1278 2036 sa·

293 2081 478 2158 miliarum.
499 2081 609 2157 fenori
637 2085 777 2157 darent:
811 2081 990 2182 fontesque
1018 2107 1202 2180 aquarum,
1231 2086 1280 2156 ab

292 2204 501 2280 Simbruinis
529 2205 677 2280 collibus
703 2206 885 2295 deduelos‚
914 2203 1007 2277 Urbi
1040 2202 1168 2276 intulit.
1219 2207 1276 2276 Ac

294 2353 404 2400 novas
444 2326 623 2399 literarum
660 2323 789 2396 formas
831 2325 979 2414 addidit,
1021 2323 1274 2424 vulgavitque:

293 2463 474 2542 comperto
498 2447 658 2516 Graecam
678 2467 820 2539 quoque
845 2442 1060 2518 literaturam
1081 2472 1154 2518 non
1177 2445 1280 2518 fimul

292 2561 466 2662 coeptam,
487 2557 763 2658 absolutamque.
1271 2659 1274 2665 7

339 2679 439 2756 XIV.
458 2707 460 2714 ¹
476 2683 601 2756 Parui
638 2707 699 2778 per
732 2684 860 2780 figuras
884 2682 1088 2757 animalium
1113 2683 1277 2783 AEgyptii

290 2801 403 2876 sensus
427 2803 552 2878 mentis
576 2805 789 2904 effingebant
817 2807 876 2900 (ea
900 2803 1133 2902 antiquiffima
1149 2831 1277 2879 monu-

292 2943 411 2998 menta
439 2926 616 3000 memoriae
640 2911 801 3000 humanae
834 2925 996 3024 imprella
1016 2925 1103 2999 saxis
1130 2953 1276 3000 cernun-

292 3047 365 3141 tur)
387 3049 421 3118 &
444 3045 664 3120 “literarum
694 3047 799 3121 semet
828 3047 1052 3122 inventores''
1079 3047 1275 3144 perhibent.

176 3255 186 3270 „
294 3175 322 3210 “
340 3168 427 3242 Inde
444 3166 642 3256 Phoenicas,
666 3166 748 3263 quia
776 3168 864 3240 mari
890 3161 1155 3266 prapollebant,
1183 3167 1276 3238 intu-
1356 3201 1381 3226 π

293 3295 321 3332 “
339 3287 412 3360 liffe
444 3287 603 3376 Graeciae,
646 3286 864 3385 gloriamque
897 3289 1056 3386 adeptos,
1094 3279 1276 3381 tamquam

278 3415 321 3454 “‘
339 3407 544 3507 repererint,
569 3434 649 3506 quae
666 3409 907 3504 acceperant.''
956 3407 1099 3506 Qrippe
1119 3402 1212 3478 fama
1228 3405 1276 3478 est

294 3537 323 3574 “
341 3531 535 3621 Cadmum,
565 3530 666 3604 clalse
694 3518 906 3603 Phoenicum
940 3529 1096 3613 vedum,
1128 3524 1276 3598 rudibus

293 3657 322 3696 “
340 3652 455 3731 adhuc
467 3654 670 3726 Graecorum
689 3649 925 3750 populis'attis
942 3645 1013 3745 ejus
1028 3646 1204 3750 auctorem
1220 3645 1274 3718 lu·
1314 3668 1316 3672 ’

256 3763 264 3784 “
293 3780 323 3819 “
338 3773 436 3846 iffe.”
484 3773 640 3874 Quidam
666 3773 909 3870 “Cecropem
934 3765 1195 3860 Atheniensem,
1217 3768 1277 3842 vel
