3006 4866
490 361 904 480 Grnn'inri.
1110 426 1183 502 29⁹

166 633 170 638 -
205 603 294 655 num
314 563 594 676 Danubiumque
614 573 843 665 consederint,
870 597 943 664 eos,
972 563 1037 670 qui
1064 573 1195 648 Decri*

206 719 314 773 mares
342 723 447 796 agros
475 717 649 771 exercent.
697 693 905 772 Leviffimus
933 693 1078 792 quisque
1099 697 1204 800 Gal-¹

205 821 336 910 lorum,
364 825 398 892 δι
421 818 538 916 inopid
552 819 683 907 rudax,
708 812 826 891 dubiae
848 813 1058 915 possessionis
1073 813 1188 890 solurh

204 940 439 1037 occupavdre.
488 941 583 1025 Mox
600 937 709 1011 limite
724 918 816 1029 adin,
847 935 1080 1040 promotisque
1097 961 1187 1034 prae·

208 1059 315 1148 fidiis,
335 1065 424 1133 sinus
432 1059 590 1157 imperii,
609 1065 643 1134 &
662 1085 735 1156 pars
753 1058 938 1156 provinciae
954 1060 1138 1132 habentur.

257 1183 382 1256 XXX.
408 1183 554 1254 UnrnA
573 1181 636 1253 hos
652 1179 746 1252 Cotti
763 1179 902 1252 initium
918 1177 1004 1252 sedis
1026 1183 1071 1254 ab
1090 1181 1186 1254 Her-

205 1301 312 1398 cynio
329 1300 416 1400 saltu
438 1263 613 1392 inchoairt,
640 1326 712 1373 non
728 1300 775 1372 ita
790 1300 902 1374 effufis
918 1327 959 1374 ae
983 1300 1190 1397 palustribus
1273 1309 1299 1360 f

170 1475 175 1486 ·
208 1423 308 1513 locis,
337 1443 375 1496 ut
392 1443 511 1496 ceterae
524 1422 697 1509 civitates,
723 1421 764 1496 in
778 1446 863 1519 quas
878 1404 1190 1519 Germania‘pates-

100 1589 104 1598 ‹
207 1543 276 1618 cit:
309 1546 434 1618 durant
455 1543 631 1640 siquidem
655 1543 774 1632 colles,
806 1542 1056 1640 paullatimque'
1084 1541 1188 1616 rares-

184 1751 189 1771 .
207 1685 323 1750 cunt:¹
340 1669 374 1738 δι
391 1647 511 1736 'Cattos
534 1661 610 1736 suos
630 1662 733 1736 saltus
755 1663 958 1759 Hercynius
975 1660 1191 1763 prosequitur

207 1786 308 1858 simul
340 1805 445 1882 atque
478 1784 662 1880 deponit·
701 1783 854 1858 Duriora
886 1783 983 1882 genti
1021 1810 1185 1881 corpora,

205 1904 312 1985 stricti
329 1925 434 1994 artus,
458 1905 577 1978 minax
593 1907 725 1994 vultus,
754 1903 915 2002 &major
939 1905 1048 1979 animi
1071 1906 1188 2006 vigor.
1293 1925 1295 1931 '

96 2048 101 2057 ¹
205 2027 366 2100 Multum
381 2028 438 2118 (ut
456 2025 545 2095 inter
562 2025 775 2116 Germanos)
794 2024 934 2096 rationis
947 2051 988 2098 ae
1004 2024 1185 2101 sollertiae:

209 2169 410 2242 praeponere
421 2144 560 2231 eledos,
574 2131 692 2214 audire
706 2147 917 2238 praepositos,
930 2147 1026 2218 nosse
1034 2147 1188 2239 ordines,

207 2241 400 2363 intelligere
424 2265 634 2352 occasiones,
661 2262 799 2336 differre
820 2262 985 2366 impetus,
1008 2263 1191 2363 disponere

207 2385 319 2473 diem,
345 2384 472 2456 vallare
487 2385 642 2473 nodem,
667 2381 844 2457 fortunam
865 2383 955 2458 inter
970 2385 1092 2476 dubia,
1118 2387 1189 2461 vir-

209 2523 322 2578 tutem
338 2504 428 2576 inter
443 2523 538 2576 certa
549 2529 752 2578 numerare:
780 2509 952 2605 quodque
968 2508 1188 2599 rarissimum,

208 2651 274 2700 nec
287 2625 348 2700 nisr
364 2624 495 2698 ratione
507 2624 694 2722 discipline
706 2629 919 2718 concessum,
934 2631 1010 2726 plus
1023 2655 1189 2728 reponere

185 2845 187 2854 .
209 2747 360 2838 induce,
376 2747 486 2845 'quom
499 2745 534 2818 in
546 2746 719 2820 exercitu..
760 2750 878 2822 Omne
891 2753 997 2826 robur
1008 2749 1043 2824 in
1059 2751 1189 2848 pedite,
1247 2815 1248 2820 ,

152 2939 157 2948 ,
208 2867 442 2966 quem‘super
474 2893 571 2941 arma
597 2867 809 2944 ferramentis
843 2897 984 2970 quoque
1012 2875 1046 2945 dc
1080 2870 1190 2970 copiis

210 3009 369 3064 onerant.
393 3083 399 3092 ι
418 2990 519 3064 Alios
543 2993 587 3065 ad
605 2992 769 3088 proelium
786 2992 836 3066 ire
852 2993 982 3083 videas,
1007 2995 1128 3067 Cattos
1143 2995 1190 3067 ad
1261 3041 1263 3048 ·

210 3113 364 3186 bellum:
393 3112 457 3188 rari
474 3113 634 3188 excursus
659 3117 692 3185 ἃ
710 3111 853 3188 fortuita
877 3139 1006 3212 pugno.
1057 3113 1189 3213 Eques-

211 3230 317 3306 trium
347 3231 424 3307 send
451 3234 581 3309 virium
597 3235 634 3309 id
659 3235 851 3334 proprium,
880 3234 949 3309 citd
975 3261 1089 3333 parare
1113 3235 1210 3310 vic-⁴

212 3352 356 3445 ronam,
370 3354 439 3428 citd
456 3357 588 3430 cedere.
637 3356 810 3432 Velocitas
828 3354 932 3454 juxta
947 3353 1188 3450 formidinem,

214 3475 390 3549 cundatio
410 3476 554 3574 propior
570 3477 768 3553 constantiae
791 3478 850 3553 est.
890 3569 896 3575 .

261 3597 400 3670 XXXI.
428 3598 484 3672 Er
513 3598 586 3672 asiis
609 3602 867 3674 Germanorum
891 3601 1029 3700 populis
1050 3599 1190 3704 usurpo·

146 3773 158 3778 -
206 3734 284 3790 tum
300 3721 375 3792 rard
391 3721 425 3790 δι
442 3718 574 3816 ρῑίνεῑᾶ
586 3719 747 3824 cujusque
762 3722 935 3812 audentii,
959 3722 1054 3820 apud
1069 3721 1191 3794 Cattos

212 3835 251 3915 in
270 3837 472 3918 consensum
496 3841 612 3935 vertit,
640 3862 681 3918 ut
698 3835 851 3942 primdm
867 3841 1099 3934 adoleverint,
1123 3833 1189 3914 eri·-
