3120 4860
342 407 413 460 222
569 376 1134 455 GConurtrrTAcrrr

292 631 294 647 ,
342 558 488 655 popu10,
515 573 554 629 ut
586 555 636 630 est
663 581 835 630 novarum
859 579 975 628 rerum
991 556 1133 654 cupiens
1152 551 1320 652 pauidus-

340 702 419 775 que.
446 677 547 752 =Nec
565 675 677 752 multo
694 676 771 774 post
788 677 903 749 clades
920 676 968 748 rei
986 677 1114 750 navalis
1130 676 1319 773 accipitur,

338 821 411 872 non
437 798 532 874 bello
562 797 715 895 (quippe
731 796 825 870 haud
842 795 925 870 alias
949 817 1021 870 tam
1051 797 1198 871 immota
1226 798 1318 894 pax)

336 916 398 992 sed
425 937 557 992 certum
574 919 619 992 ad
634 917 730 992 diem
748 917 784 990 in
801 917 1030 1014 Campaniam
1048 902 1157 990 redire
1175 919 1317 991 claffcm

335 1038 440 1112 Nero
460 1036 614 1136 jofferat,
642 1065 714 1113 non
731 1037 887 1136 exceptis
905 1039 1008 1112 maris
1025 1041 1168 1112 casrbus.
1220 1039 1319 1136 Ergo

340 1162 605 1258 gubernatores,
628 1160 789 1259 quamvis
813 1158 971 1234 laeviente
990 1160 1115 1257 pelago
1132 1158 1318 1266 aflFormiis

339 1281 497 1372 movere,
515 1283 549 1353 &
568 1281 670 1380 gravi
687 1279 821 1371 Africo,
840 1281 928 1354 dum
946 1280 1224 1376 promontorium
1242 1279 1318 1353 Mi·
1349 1325 1356 1346 .

339 1399 411 1475 seni
438 1401 597 1500 superare
612 1403 841 1490 contendunt,
866 1401 1035 1476 Cumanis
1064 1400 1220 1508 litoribus
1248 1401 1318 1474 im-

340 1523 447 1621 pacti,
476 1523 673 1598 triremium
701 1521 892 1620 plerasque,
934 1527 967 1595 δι
1007 1521 1141 1597 minora
1176 1522 1319 1622 navigia

340 1647 462 1740 pallim
491 1641 686 1724 amiserunt.

386 1763 540 1834 XLVII.
565 1763 596 1833 F
599 1787 667 1834 rue
700 1760 781 1834 anni
809 1762 1000 1860 vulgantur
1018 1762 1178 1858 prodigia
1196 1763 1319 1838 immi·

338 1881 499 1954 nentium
536 1881 710 1954 malorum
748 1880 880 1954 nuntia.
942 1881 1003 1954 Vis
1037 1879 1217 1979 fulgumm
1244 1909 1322 1956 non

263 2050 265 2059 ι
339 2000 422 2076 alias
455 2000 621 2091 crebrior,
652 2006 685 2074 &
726 2003 816 2075 fidus
847 2023 1013 2094 cometes,
1053 2000 1219 2100 sanguiue
1262 2003 1320 2076 in·
1348 1999 1351 2004 Δ

339 2121 434 2196 lustri
462 2119 599 2220 semper
624 2123 757 2196 Neroni
774 2122 966 2220 expiatum.
1015 2121 1178 2219 Bicipites
1202 2123 1319 2220 homi·

338 2269 428 2318 num
443 2243 638 2318 aliorumve
653 2242 857 2317 animalium
874 2266 991 2344 partus
1008 2242 1131 2343 abjecti
1163 2243 1199 2316 in
1226 2247 1318 2342 pub·

338 2365 462 2456 licum,
487 2386 547 2440 aut
576 2363 613 2436 in
639 2361 824 2456 sacrificiis,
847 2364 975 2463 quibus
1004 2363 1162 2466 gravidas
1190 2363 1320 2440 hostias

339 2487 524 2560 immolare
540 2509 617 2558 mos
633 2485 693 2575 est,
708 2485 848 2584 reperti.
878 2491 925 2560 Et
941 2486 977 2560 in
994 2512 1081 2585 agro
1096 2485 1318 2579 Placentino,

336 2606 435 2680 viam
451 2625 606 2704 propter,
641 2625 741 2680 natus
758 2605 899 2698 vitulus,
928 2606 985 2680 cui
1002 2627 1117 2706 ‘caput
1132 2613 1134 2622 ’
1148 2607 1185 2679 in
1218 2631 1318 2682 crure

338 2731 433 2802 effer.
482 2727 673 2824 Secutaque
689 2725 909 2826 haruspicum
925 2726 1181 2827 interpretatio:
1210 2732 1238 2769 “
1254 2754 1317 2826 pa7

339 2847 453 2922 “rari
476 2871 591 2920 rerum
618 2848 853 2932 humanarum
879 2849 973 2924 aliud
1001 2869 1130 2948 caput:
1158 2847 1215 2924 sed
1245 2844 1342 2924 norr'

340 2976 368 3014 “
388 2967 462 3042 fore
485 2968 656 3060 validum,
691 2994 805 3068 neque
832 2965 1037 3058 occultum}
1065 2966 1251 3069 quianon
1278 2971 1318 3045 in

339 3097 367 3134 “
386 3110 485 3164 utero
502 3092 703 3188 repreffum,
731 3111 766 3162 at
781 3091 844 3164 iter
854 3088 958 3188 juxta
975 3091 1111 3165 editum
1129 3093 1205 3164 stt.’'
1257 3067 1265 3084 Ι

386 3211 555 3286 XLVIII.
592 3212 749 3284 Iunone
791 3210 919 3285 deinde
958 3209 1175 3287 consulatum
1216 3213 1317 3288 Silius

337 3333 471 3419 Nerva,
485 3333 525 3436 ac
542 3329 682 3406 Atticus
699 3331 872 3424 Vestinus,
886 3337 1004 3431 coepta
1021 3335 1135 3438 fimul,
1148 3339 1182 3407 δι
1199 3335 1316 3426 aucla,

338 3449 588 3550 conjuratione,
616 3452 653 3525 in
670 3479 777 3551 quam
796 3454 953 3528 certatim
970 3455 1114 3529 nomina
1130 3455 1313 3544 dederant,

336 3570 518 3664 senatores,
538 3599 658 3672 eques,
677 3574 790 3666 miles,
816 3573 955 3650 feminae
972 3575 1092 3668 etiam,
1123 3575 1205 3650 clun
1229 3573 1315 3647 odio

336 3693 502 3785 Neronis,
520 3713 598 3768 tum
614 3693 734 3776 favore
750 3696 786 3768 in
803 3698 846 3770 C.
862 3695 1035 3772 Pisonem.
1071 3699 1105 3771 Is
1121 3693 1315 3792 Calpurnio

338 3841 465 3915 genere
481 3835 588 3910 ortua,
617 3843 657 3891 ac
688 3820 814 3894 multas
839 3819 1053 3921 infignesque
1080 3816 1225 3895 familias
1250 3843 1314 3918 pa·
