3126 4864
387 375 454 464 164
589 357 1172 443 GCoxu'unnTAcrrr

386 553 414 590 “
431 542 517 631 acie,
551 541 607 614 vel
633 541 829 615 cadendum
855 541 932 616 effe.
981 542 1023 614 ld
1046 540 1180 614 mulieri
1202 541 1357 624 destina«

383 670 411 708 “
428 682 506 742 tum
520 690 538 746 ;·
557 660 711 734 viverent
727 661 804 752 viri,
828 651 865 734 ’ὅτ
888 660 1086 735 servirent.²'
1256 739 1258 742 ,

439 783 611 856 XXXVI.
652 784 717 853 ΝΕ
748 783 971 880 Suerourus
1005 783 1148 881 quidem
1186 781 1224 854 in
1256 799 1354 855 tanto

379 900 576 976 discrimine
605 902 745 976 silebat:
801 903 876 1001 qui,
917 928 1131 1001 quamquam
1164 904 1355 977 confideret

379 1020 514 1111 virtuti,
532 1043 648 1097 tamen
665 1025 921 1098 exhortationes
951 1029 985 1099 ὅτ
1018 1049 1135 1123 preces
1161 1021 1349 1116 rniscebatz

380 1149 408 1184 ‘⁶
427 1145 479 1214 Ut
512 1143 709 1242 spernerent
737 1143 874 1219 sonores
907 1147 1146 1234 barbatorum,
1171 1143 1351 1216 &inanes

380 1268 408 1306 “
428 1263 562 1339 minos:
587 1268 664 1363 plus
691 1265 762 1340 illic
789 1263 1010 1360 seminarum,
1041 1267 1147 1363 quim
1163 1262 1352 1363 juventutis

382 1389 409 1426 “
427 1383 552 1482 aspici:
577 1385 747 1475 imbelles,
772 1386 933 1475 inermes,
961 1387 1111 1458 cessuros
1139 1384 1267 1476 statim,
1292 1381 1354 1456 ubi

381 1510 410 1546 “
426 1501 572 1577 serrum¹
590 1505 825 1599 virtutemque
853 1504 1083 1592 vincentium,
1120 1506 1248 1576 totiens
1275 1503 1351 1594 susi,

379 1630 407 1672 “
425 1623 669 1720 agnovissent:
705 1609 810 1694 etiam
835 1621 872 1692 in
902 1621 1021 1695 multis
1046 1622 1243 1722 legionibus
1264 1649 1352 1718 pau-

379 1748 411 1786 “'
425 1767 483 1812 cos
516 1741 616 1846 effe,
632 1739 692 1835 qui
727 1739 852 1837 proelia
879 1740 1126 1838 profligarent:
1160 1741 1354 1840 gloriaeque

378 1865 406 1906 “
425 1885 545 1931 eorum
573 1861 800 1950 accefl'urum,
831 1860 928 1957 quod
949 1859 1087 1936 modica
1112 1841 1249 1952 marius,
1273 1863 1354 1935 uni,

377 1985 406 2024 “
426 1983 512 2052 verfi
535 1978 706 2052 exercitiis
722 1977 853 2052 samam
869 1979 1143 2076 adipiscerentur.
1193 1982 1355 2065 Conserti

378 2107 407 2142 “
427 2099 579 2188 tantum,
605 2103 638 2171 δι
657 2098 733 2196 pilis
750 2100 886 2190 emiffis,
905 2099 980 2197 post
995 2101 1209 2176 umbonibus
1225 2107 1258 2175 dt
1277 2103 1353 2200 gla-

373 2221 491 2296 “diis
521 2205 670 2317 stragem
702 2221 905 2319 caedemque
933 2219 1185 2312 continuarent,
1226 2223 1352 2319 praedae

372 2349 407 2384 '“
425 2343 665 2416 immemores:
702 2344 797 2436 partit
833 2341 990 2432 v-islorid,
1020 2344 1145 2415 consta
1172 2341 1247 2439 ipsis
1281 2341 1352 2414 ces-

379 2469 407 2506 “
424 2461 538 2535 sura’*
581 2461 614 2532 Is
642 2459 744 2563 ardor
760 2461 866 2532 verba
887 2460 986 2533 ducis
1002 2459 1219 2557 sequebatur,
1249 2461 1297 2535 ita
1318 2460 1354 2534 se

345 2638 346 2642 ,
377 2567 423 2654 ad
451 2579 684 2676 intorquenda
723 2577 795 2674 pila
833 2578 1033 2675 expedierat
1060 2599 1157 2652 vetus
1187 2579 1285 2653 miles
1318 2587 1353 2655 δε

258 2718 262 2728 ·
375 2701 485 2773 multi
512 2698 715 2795 proeliorum
741 2696 963 2794 experientia,
1002 2717 1041 2770 ut
1067 2719 1181 2773 certus
1207 2701 1355 2798 eventirs

376 2816 570 2907 Suetonius,
597 2819 694 2891 daret
718 2843 846 2916 pugnae
873 2822 1019 2916 fignum.

426 2915 704 3013 xxxV11.Ac
736 2963 898 3012 nuruum
927 2939 1033 3037 legio·
1050 2943 1162 3040 gradu
1190 2941 1349 3034 immota,

377 3066 410 3134 δε
440 3057 613 3158 angustias
643 3059 711 3132 loci
735 3085 801 3156 pro
828 3059 1047 3140 munimento
1074 3063 1239 3154 retinens,
1260 3064 1350 3160 post-

377 3205 484 3277 quam
515 3179 657 3276 propius
685 3177 877 3278 suggressus
908 3181 1017 3256 hostis
1045 3203 1139 3256 certo
1162 3182 1258 3281 ja'slu
1284 3184 1353 3263 tela

375 3299 588 3390 exhauserat,
611 3301 708 3376 velut
726 3325 837 3372 cuneo
854 3301 978 3398 erupit.
1014 3303 1115 3376 Idem
1134 3304 1350 3385 auxiliarium

375 3422 551 3519 impetus:
590 3426 624 3494 &c
659 3446 777 3518 eques,
815 3421 981 3517 protentis
1020 3423 1134 3512 hastis,
1169 3421 1351 3520 perfringit

376 3543 473 3640 quod
490 3541 638 3615 obvium
656 3545 688 3615 &
708 3542 866 3614 validum
883 3543 965 3616 erat.
1015 3539 1127 3614 Ceteri
1145 3558 1242 3637 terga
1258 3565 1350 3635 prae-

376 3665 496 3753 unere,
523 3661 656 3736 difficili
682 3659 826 3758 effugio,
847 3659 929 3758 quia
952 3655 1169 3757 circumjedta
1190 3659 1355 3744 vehicula

376 3782 544 3896 sepserant
560 3783 685 3868 abitus,
737 3785 784 3867 Et
800 3780 899 3866 miles
926 3805 971 3867 ne,
989 3779 1187 3880 mulierum
1203 3777 1352 3890 quidem
