3120 4860
453 395 768 465 Aunnarunr
804 390 918 466 Lra.
945 389 1026 465 XV.
1160 385 1240 493 199

258 573 291 652 ,“
307 565 470 642 adversus
487 571 574 643 duas
591 570 761 669 legiones,
792 567 874 642 totis
900 568 1001 666 regni
1028 564 1162 639 viribus
1178 567 1240 640 ad-

200 737 203 745 ·
227 737 231 750 ·
260 697 288 732 “
304 690 454 764 venisse:
483 711 517 764 at
536 692 708 765 Romanis
725 695 848 765 orbem
864 707 1033 763 terrarum
1051 686 1241 785 reliquum,¹

260 818 377 908 “quo
403 814 536 888 bellum
555 806 756 908 juvarent.”
850 855 852 864 ‹

296 935 406 1006 -XlV.
433 938 495 1004 Ao
532 957 584 1006 EA
620 930 821 1030 Vologeses,
840 931 927 1004 nihil
951 957 1015 1030 pro
1042 927 1157 1019 causd,
1184 927 1243 1004 sed

251 1059 288 1138 ,“
308 1052 542 1150 opperiendos
572 1054 633 1128 srbi
668 1051 801 1143 fratres,
831 1055 1006 1127 Pacorum
1034 1077 1074 1126 ac
1101 1051 1242 1125 Tirida·
1284 1087 1286 1096 s

259 1181 287 1216 “
305 1177 404 1264 ten,'’
447 1171 638 1272 rescripsit:
695 1181 722 1216 “
748 1174 848 1250 illum
881 1176 1003 1248 locum
1035 1172 1242 1272 tempusque

260 1301 289 1336 “
308 1295 450 1367 consilio
466 1296 688 1386 destinatum,
708 1317 779 1394 quo
794 1295 839 1366 de
858 1294 1027 1366 Armeni&
1041 1313 1239 1365 cernerent:

260 1421 290 1458 “
309 1413 468 1513 adjeciffe
495 1418 580 1490 deos
608 1417 759 1514 dignum
791 1413 1051 1503 Arsacidarum,
1086 1415 1185 1486 simul
1208 1419 1242 1487 bc

259 1541 288 1578 “
306 1537 352 1608 de
370 1536 567 1634 legionibus
585 1537 757 1610 Romanis
781 1535 1005 1608 statuerent.''
1055 1533 1244 1632 Miffirpost

256 1679 276 1728 a
301 1657 399 1729 Paeto
416 1657 543 1745 nuntii,
570 1661 606 1730 bc
630 1657 720 1756 regis
738 1656 968 1754 conloquium
986 1655 1150 1752 petitum,
1180 1656 1242 1752 qui

257 1775 423 1867 Vasacen,
448 1777 654 1874 praesestum
688 1776 878 1875 equita'tds,
908 1776 956 1849 ire
975 1775 1080 1872 juffit.
1143 1778 1242 1849 Tum
1286 1779 1289 1804 ³

185 1949 188 1962 ·
255 1895 386 1988 Paetus,
415 1905 443 1942 “
462 1901 647 1989 Lucullos,
665 1899 870 1996 Pompeios,
891 1903 924 1970 δι
956 1901 978 1970 s1
1005 1923 1074 1994 qua
1091 1897 1242 1970 Caesares

255 2025 284 2062 “
301 2019 502 2094 obtinenda
519 2019 740 2091 donandaeve
758 2015 936 2089 Armenia
954 2037 1094 2112 egerant
1110 2021 1147 2090 :’'
1172 2021 1244 2091 Va-

255 2137 360 2232 saces,
406 2139 648 2237 “imaginem
688 2119 1102 2232 retinendi'largiendive
1137 2163 1243 2239 penes

256 2268 286 2304 “
305 2287 382 2351 nos,
407 2259 481 2332 vim
507 2283 612 2355 penes
641 2259 811 2331 Parthos”
845 2275 1029 2330 memorat.
1081 2259 1128 2329 Et
1150 2263 1242 2331 mul-

256 2381 335 2452 tum
363 2379 516 2452 invicem
545 2379 748 2477 disceptato,
779 2379 1008 2456 Monobazus
1035 2376 1245 2466 Adiabenus
1309 2404 1310 2407 ’
1387 2355 1389 2368 ¹

259 2499 295 2572 in
328 2499 425 2572 diem
455 2499 632 2598 posterum
671 2499 764 2574 testis
802 2498 858 2590 iis,
901 2523 980 2596 quae
1020 2497 1242 2607 pepigissent,

257 2619 454 2696 adhibetur.
514 2621 721 2725 Placuitque
756 2625 784 2662 “
803 2619 940 2693 liberari
973 2617 1105 2692 obfidio
1127 2619 1241 2717 legio-

259 2747 286 2784 “
305 2767 379 2832 nea,
405 2745 439 2816 δι
470 2743 639 2816 decedere
666 2768 811 2816 omnem
841 2740 991 2814 militem
1018 2739 1148 2813 finibus
1173 2745 1243 2814 Ar·
1333 2787 1340 2814 ι,

259 2868 288 2905 “
307 2863 519 2954 meniorum,
558 2865 762 2962 castellaque
787 2869 821 2939 a
857 2877 1074 2936 commeatus
1109 2860 1244 2934 Parthis

235 3079 239 3084 Ι
260 2987 289 3026 “
304 2982 406 3056 tradi.
437 2967 578 3083 Qiibus
596 2985 810 3082 perpetratis,
829 2984 930 3082 copia
948 2983 1111 3082 Vologefi
1130 2985 1242 3074 fieret,

260 3099 469 3178 “mittendi
495 3106 540 3178 ad
565 3107 747 3179 Neronem
773 3107 940 3204 legatos.’'
1247 3107 1252 3120 ⁴

319 3227 402 3298 XV.
444 3228 623 3301 lustrum
663 3225 800 3300 flumini
844 3225 998 3300 Arsaniae
1044 3226 1092 3322 (is
1138 3223 1245 3300 castra

259 3348 486 3445 praefluebat)
525 3369 673 3446 pontem
701 3347 878 3445 imposuit,
908 3347 1020 3447 specie
1061 3327 1123 3424 sibi
1156 3347 1246 3421 illud

256 3468 321 3542 iter
348 3469 578 3567 expedientis.
627 3470 694 3542 Sed
717 3469 849 3578 Parthi,
868 3473 969 3568 quasi·
989 3471 1244 3544 documentum

258 3590 427 3680 vistoriae,
448 3588 640 3688 jusserant:
670 3617 822 3690 namque
855 3591 896 3665 iis
921 3589 996 3666 usui
1017 3573 1100 3665 suits
1125 3591 1244 3664 Nostri

259 3733 321 3808 per
335 3709 513 3786 diversum
531 3709 612 3788 iere.
664 3711 814 3784 Addidit
829 3737 961 3804 rumor,
990 3710 1095 3786 “sub
1112 3711 1245 3812 jugum

260 3837 289 3878 “
307 3831 422 3910 missas
452 3830 646 3934 legiones,”
690 3831 819 3908 &alia
852 3859 897 3908 ex
925 3837 1040 3909 rebus
1073 3833 1240 3924 infaustis,

688 3955 723 4028 0
746 3979 772 4046 4
