3120 4860
455 393 765 464 Arainon
790 385 904 460 err.
929 385 1013 459 XV.
1161 409 1227 482 193

252 569 282 608 “
297 564 343 638 ad
371 565 624 665 Imperatorem
639 566 848 638 Romanum
874 563 1020 661 legatos,
1045 557 1146 657 super
1167 586 1229 658 pe·

206 733 209 748 ι
250 689 278 728 “
296 687 402 760 tenda
424 685 607 776 Armenia,
636 689 669 758 δι
697 684 867 758 firmanda
884 683 1008 781 pace,''
1033 679 1226 778 respondet.
1281 731 1287 741 r

248 806 421 882 Monesen
467 805 673 880 “omittere
699 804 978 904 Tigranocerta’'
999 801 1124 899 jubet3
1155 797 1228 898 ipse

247 945 340 1000 retro
365 927 539 1002 concedit.
628 933 634 938 “

297 1049 360 1119 Vl.
386 1049 490 1122 Hauc
510 1049 639 1144 plures,
656 1066 694 1121 ut
712 1053 739 1091 “
757 1045 946 1121 formidine
962 1044 1067 1143 regis,
1088 1048 1121 1118 δι
1139 1044 1228 1120 Cor·

231 1172 280 1260 ‚“
298 1167 438 1242 bulonis
469 1167 576 1242 minis
605 1169 762 1265 patrata''
803 1194 843 1241 ac
868 1166 1057 1266 magnifica
1082 1167 1227 1239 extolle-

248 1288 347 1360 bant.
382 1287 456 1361 Alii
474 1289 648 1362 “occulte
675 1288 865 1387 pepigisse”
897 1283 1228 1385 interpretabantur3

213 1426 216 1434 '
251 1412 280 1448 “
297 1427 337 1480 ut
353 1407 477 1482 omisso
493 1409 671 1506 utrimque
686 1411 794 1508 bello,
814 1413 856 1512 xlle
874 1411 1025 1482 abeunte
1041 1406 1228 1506 Vologese,

250 1526 467 1626 “Tigranes
508 1555 651 1627 quoque
680 1528 851 1602 Armenia
883 1526 1095 1603 abscederet.
1159 1517 1232 1600 Cur
1305 1591 1312 1606 .

248 1652 278 1689 “
295 1647 389 1720 enim
406 1648 599 1721 exercitum
617 1653 824 1724 Romanum
841 1675 861 1723 a
875 1646 1139 1748 Tigranocertis
1168 1648 1230 1720 de·

248 1775 276 1810 “
293 1767 469 1842 dudum?
501 1770 576 1842 Cur
604 1769 740 1844 deserta
765 1797 827 1869 per
861 1771 989 1859 otium,
1022 1795 1101 1867 quae
1136 1769 1230 1842 bello

249 1896 278 1932 “
295 1887 548 1964 defenderant?
574 1895 634 1964 An
663 1891 787 1964 melius
812 1891 1043 1965 hibernavisse
1059 1891 1095 1963 in
1113 1911 1230 1964 extre·

248 2013 353 2113 “-mfi
370 2010 609 2108 Cappadocia,
631 2011 761 2106 raptim
789 2009 911 2081 erectis
934 2009 1095 2105 tuguriis,
1121 2013 1233 2108 quim

248 2119 276 2175 ‘²
293 2129 331 2204 in
363 2130 443 2205 sede
470 2129 570 2228 regni
603 2129 713 2202 modb
741 2127 893 2200 retenti?
941 2128 1061 2200 Dilata
1095 2113 1232 2245 prorsus

250 2258 278 2297 “
295 2279 405 2342 arma,
439 2271 480 2325 ut
496 2247 686 2347 Vologeses
704 2247 885 2339 eumalio,
916 2249 1024 2346 quam
1043 2274 1125 2322 cum
1143 2252 1233 2324 Cor-

248 2378 278 2415 “
297 2374 442 2461 bulone,
470 2389 639 2444 certaret:
670 2371 827 2444 Corbulo
844 2353 977 2443 meritae
1006 2389 1059 2442 tot
1088 2395 1149 2468 per
1171 2398 1232 2445 an-

250 2498 279 2536 “
297 2518 361 2567 nos
378 2491 497 2592 gloriae
514 2519 587 2566 non
603 2492 690 2566 ultra
708 2491 904 2590 periculum
923 2487 1088 2564 faceret.''
1118 2494 1230 2582 Nam,

247 2633 288 2688 ut
304 2613 419 2706 retuli,
446 2613 626 2713 proprium
654 2615 783 2688 ducem
811 2613 951 2704 tuendae
968 2611 1148 2686 Armeniae
1169 2639 1233 2712 po·

249 2733 416 2832 poscerat,
437 2736 678 2844 &adventare
696 2733 895 2808 Caesennius
927 2735 1042 2808 Paetus
1066 2733 1230 2808 audieba-

247 2873 328 2928 tur:
350 2853 496 2954 jamque
513 2857 642 2946 aderat,
673 2855 782 2954 copiis
811 2854 859 2928 ita
886 2854 1016 2946 divisis,
1040 2875 1081 2929 ut
1105 2879 1230 2956 quarta

250 2980 284 3048 δι
302 2975 512 3050 duodecima
528 2959 697 3075 legiones,
716 2975 836 3050 addita
855 2975 989 3075 quintal,
1008 3003 1087 3076 quae
1111 2979 1231 3054 recens

249 3098 418 3170 eMoesrs
450 3096 565 3170 excita
592 3094 677 3189 erat,
703 3099 804 3171 simul
828 3097 988 3189 Pontica,
1016 3105 1050 3173 ὅτ
1089 3077 1231 3176 Galata-x

248 3241 329 3290 rum
360 3218 686 3316 Cappadocumque
718 3218 849 3292 auxilia
890 3221 987 3294 Paeto
1024 3221 1204 3297 obedirent
1219 3253 1254 3322 :3

247 3338 361 3448 tertia,
382 3342 415 3412 &
433 3337 538 3426 sexta,
559 3343 592 3411 &
607 3338 743 3416 decima
759 3339 927 3438 legiones,
946 3340 1107 3440 priorque
1122 3345 1229 3442 Syriae
1341 3372 1345 3380 ‘
1422 3370 1428 3378 ·
1448 3327 1453 3335 “

248 3460 349 3533 miles
377 3461 473 3558 apud
506 3461 744 3533 Corbulonem
778 3483 966 3534 manerent.
1026 3465 1152 3540 Cetera
1184 3493 1232 3540 ex

201 3660 206 3672 ,
248 3605 365 3672 rerum
394 3580 456 3664 usu
484 3577 665 3671 sociarent,
699 3581 962 3678 partirenturve.
1021 3585 1088 3658 Sed
1115 3612 1230 3685 neque

248 3701 402 3776 Corbulo
431 3702 548 3776 aemuli
577 3701 734 3800 patiens3
772 3697 965 3793 &Paetus
997 3704 1053 3778 cui
1082 3687 1157 3779 satis
1183 3709 1229 3779 ad

251 3821 397 3922 gloriam
426 3841 509 3916 erat,
539 3827 562 3898 sr
589 3822 772 3922 proximus
801 3825 996 3918 haberetur,
1020 3825 1229 3924 despiciebat

685 3970 687 3974 ·
730 3946 765 4019 0
