3126 4864
364 361 429 432 128
586 352 1151 426 communem

360 537 387 572 ‘⁴
404 510 604 617 servaietur,
629 526 690 600 nifi
720 527 756 600 in
783 526 837 620 iis,
865 551 943 624 quae
966 551 1055 600 veno
1083 546 1283 600 exercerent
1297 530 1333 599 =”

356 648 507 744 Aiiaque
523 647 716 727 admodum
733 673 848 745 aequa,
875 672 953 744 quae
971 645 1067 720 brevi
1086 644 1227 736 servata,
1251 647 1335 720 dein

353 765 475 844 frustra
502 769 619 845 habita
645 765 732 848 sunt.
769 771 908 848 ,Manet
933 786 1050 840 tamen
1080 765 1222 840 abolitio
1245 793 1331 864 qua-

352 888 551 985 dragefimae
581 889 961 988 quinquagesrmaeque,
987 893 1021 960 &
1050 914 1128 984 quae
1145 886 1211 960 alia
1226 911 1330 964 exac»

352 1007 504 1115 tionibus
545 1010 684 1084 inlicitis
722 1008 866 1082 nomina
904 1008 1083 1105 publicani
1115 1007 1328 1081 invenerant.

352 1129 564 1226 Temperata
580 1133 674 1227 apud
692 1128 926 1214 transmarinas
951 1127 1144 1225 provincias
1165 1127 1329 1201 frumenti

351 1246 538 1330 subvefflo.
591 1255 637 1324 Et
667 1258 695 1328 ‘5
709 1278 753 1332 ne
771 1253 926 1325 censrbus
944 1249 1201 1348 negotiatorum
1222 1272 1327 1319 naves
1378 1317 1381 1324 ,

261 1415 267 1424 -
353 1375 381 1411 “
399 1369 684 1462 adscriberentur,
726 1372 980 1468 tributumque·
997 1396 1061 1466 pro
1098 1368 1165 1442 illis
1197 1369 1327 1468 pende·

352 1497 379 1533 “
398 1494 513 1581 rent‚''
539 1493 774 1566 constitutum.

397 1613 479 1682 LII.
507 1615 613 1684 Reos
642 1637 687 1682 ex
717 1610 893 1706 provincii
909 1608 1043 1699 Africa,
1062 1609 1123 1707 qui
1140 1608 1325 1707 proconsu-

346 1732 415 1813 lare
432 1729 618 1826 imperium
635 1728 704 1802 illic
721 1731 924 1819 habuerant,
948 1729 1139 1828 Sulpicium
1168 1730 1325 1814 Cameri-

345 1875 447 1939 num,
476 1855 510 1936 ὃς
543 1849 780 1946 Pomponium
798 1850 989 1938 Silvanum,
1020 1847 1166 1922 absolvit
1182 1848 1321 1924 Caesar:

223 2039 232 2058 ,
345 1971 573 2048 Camerinum
590 1971 753 2044 adversus
771 1970 925 2068 privatos
953 1975 987 2043 ὅτ
1016 1995 1157 2066 paucos,
1183 1968 1322 2060 saevitiae

344 2090 460 2190 magis
488 2079 597 2192 quam
613 2111 794 2189 captarum
811 2091 1036 2190 pecuniarum
1066 2089 1212 2172 crimina
1233 2088 1321 2188 obji·
1401 2153 1407 2161 .

342 2211 485 2289 cientes.
507 2303 509 2308 Ι
545 2212 724 2286 Silvanum
751 2238 881 2310 magna
913 2211 965 2285 vis
992 2209 1228 2286 accusatomm
1252 2210 1320 2284 cir-

299 2321 308 2338 ’
340 2335 578 2421 cumsteterat,
602 2330 835 2428 poscebatque
859 2338 1041 2429 “tempus
1058 2332 1319 2407 evocandorum

343 2461 371 2496 “
390 2453 527 2536 testium
543 2453 577 2524 :''
615 2474 691 2521 reus
732 2451 867 2522 “illico
899 2449 1064 2524 defendi”
1110 2453 1319 2548 postulabat.

340 2572 527 2669 Valuitque
560 2567 744 2666 pecuniosi
779 2569 925 2642 orbitate
958 2575 991 2642 ὅτ
1020 2569 1167 2660 senesii,
1189 2575 1191 2582 '
1211 2599 1320 2669 quam

338 2695 427 2766 ultra
445 2689 553 2774 vitam
570 2715 691 2774 eorum
714 2688 893 2788 produxit,
914 2714 1065 2786 quorum
1083 2689 1217 2768 ambitu
1235 2718 1316 2771 eva·

214 2791 220 2808 Ι
302 2850 309 2855 ·
338 2811 434 2892 serat.

386 2935 488 3016 LIII.
514 2937 689 3031 QrtarAE
716 2933 760 3007 ad
790 2932 827 3006 id
849 2952 985 3030 tempus
1002 2957 1055 3005 res
1070 2931 1107 3004 in
1125 2932 1314 3012 Germanii

336 3051 483 3140 fiterant,
501 3052 641 3151 ingenio
657 3054 804 3144 ducum,
823 3054 897 3151 qui,
917 3052 1128 3153 pervulgatis
1145 3051 1311 3150 triumphi

335 3171 540 3272 insignibus,
563 3171 673 3270 majus
690 3199 735 3256 ex
751 3199 794 3251 eo
810 3175 916 3247 decus
932 3171 1126 3270 sperabant,
1147 3177 1169 3246 fi
1188 3199 1311 3272 pacem

335 3291 635 3366 continuaviffent.
686 3293 865 3368 Paullinus
880 3292 1084 3390 Pompeius,
1116 3298 1150 3366 &
1176 3295 1221 3365 L.
1240 3296 1308 3366 Ve-
1374 3305 1383 3316 “

334 3433 404 3502 tus,
423 3418 461 3486 eri
477 3414 679 3510 tempestate
697 3414 862 3488 exercitui
879 3436 1060 3512 praeerant.
1109 3416 1167 3486 Ne
1192 3396 1309 3486 tamen

333 3532 474 3631 segnem
505 3533 652 3615 militem
681 3533 884 3638 attinerent,
908 3535 965 3607 ille
998 3535 1199 3608 inchoatum
1230 3552 1309 3608 ante

333 3675 401 3734 tres
424 3659 457 3728 δι
477 3653 655 3753 sexaginta
666 3667 780 3728 'annos
796 3681 816 3726 a
832 3655 944 3728 Druso
961 3679 1127 3752 aggerem
1145 3659 1308 3726 co'e'rcen.

332 3777 379 3860 do
397 3777 539 3870 Rheno,
567 3775 736 3860 absolvit:
768 3779 877 3854 Vetus
893 3774 1079 3850 Mosellam
1096 3793 1201 3871 atque
1215 3777 1306 3854 Ara.
1328 3775 1330 3780 ’

891 3919 900 3945 .
987 3933 991 3940 .
