3006 4866
371 379 898 469 N'Aanxconn‘f
1112 411 1181 488 345

210 575 239 616 “
257 591 341 669 pora
372 569 524 644 defixere
552 568 589 642 in
614 569 667 642 his
693 567 857 666 vestigiis,
886 566 928 638 in
953 563 1079 663 quibus
1105 566 1184 662 pul-

209 699 237 748 l‘
255 693 376 767 chram
393 689 662 786 &spectabilem
673 684 1022 763 videtiam'ederetis.
1070 687 1184 762 Tranv

203 817 238 854 '“
257 811 352 910 figite
379 833 463 884 cum
492 809 789 907 expeditionibus,
817 805 988 904 imponite
1012 803 1185 903 quinqua-

210 932 353 1028 “ginta
378 929 475 1002 annis
504 945 679 1028 magnum
697 929 806 1017 diem,
835 928 1024 1023 adprobate
1046 925 1184 1023 reipub·
1265 950 1269 960 ‘

211 1059 245 1093 “'
259 1051 334 1124 licae
352 1077 546 1147 numquam
570 1049 735 1124 exercitui
756 1045 919 1145 imputari
940 1045 1098 1146 potuisse,
1126 1065 1186 1120 aut
1237 1127 1238 1135 ἵ

117 1229 152 1276 ·,
211 1176 239 1212 “
258 1197 371 1244 moras
387 1169 482 1260 belli,
501 1189 559 1242 aut
573 1168 687 1244 causas
703 1167 928 1242 rebellandi.''
1037 1172 1038 1178 ’
1086 1247 1089 1251 ,

258 1293 415 1364 XXXV.
443 1293 499 1364 Er
522 1291 731 1388 adloquente
754 1290 868 1362 adhuc
898 1287 1065 1386 Agricola
1095 1286 1185 1360 mili.-

209 1430 285 1484 tum
303 1401 403 1484 ardor
418 1411 605 1500 eminebat,
626 1415 659 1483 bc
678 1411 785 1482 finem
801 1407 1104 1506 orationisingens
1115 1409 1186 1480 ala-

210 1530 311 1618 critas
328 1530 509 1606 consecuta
531 1531 594 1620 est,
612 1528 795 1626 statimque
809 1529 857 1634 ad
874 1554 970 1602 arma
985 1527 1186 1602 discursum.

207 1650 391 1726 ‘Instinttos
423 1649 627 1748 ruentesque
658 1650 706 1725 ita
738 1645 913 1746 disposuit,
957 1668 995 1722 ut
1028 1647 1187 1746 peditum

207 1770 350 1861 auxilia,
379 1797 458 1869 quae
476 1773 555 1844 odo
572 1769 684 1843 millia
701 1788 810 1860 erant,
829 1768 982 1842 mediam
999 1768 1109 1842 aciem
1127 1771 1186 1842 fir·

208 1911 361 1964 marent:
395 1891 552 1987 equitum
585 1889 651 1962 tria
679 1889 801 1976 millia,
831 1889 994 1962 cornibus
1017 1888 1185 1963 adfunde.

207 2032 340 2084 rentur:
368 2008 522 2106 legiones
548 2035 611 2105 pro
630 2009 723 2081 vallo
738 2007 872 2096 stetere,
892 2006 1014 2105 ingens
1036 2009 1186 2084 victoria

207 2131 314 2202 decus
332 2127 415 2202 citra
427 2125 632 2202 Romanum
648 2126 850 2226 sanguinem
866 2127 1022 2217 bellanti,
1038 2131 1071 2200 &
1088 2129 1186 2200 auxi*-

209 2248 581 2345 lium‚s1pellerentur.
629 2249 873 2322 Britannorum
886 2249 975 2321 acies
988 2247 1023 2320 in
1039 2247 1189 2345 speciem
1218 2255 1231 2276 ’“

210 2369 309 2442 simul
332 2393 373 2442 ac
396 2390 557 2442 terrorem
574 2367 774 2443 editioribus
800 2367 883 2442 locis
898 2367 1113 2469 constiterat,
1141 2367 1190 2442 ita

144 2527 148 2534 ·
210 2508 248 2564 ut
265 2488 421 2585 primum
437 2515 567 2587 agmen
582 2515 697 2587 aequ0,
716 2487 820 2562 ceteri
837 2513 900 2585 per
912 2487 1042 2562 acclive
1056 2486 1188 2586 jugum

208 2609 357 2684 connexi
376 2611 472 2684 velut
497 2610 733 2706 insurgerent:
761 2609 877 2685 media
902 2607 1019 2706 campi
1046 2608 1186 2682 couina-

196 2715 324 2806 rius&
341 2755 447 2828 eques
463 2729 606 2827 strepitu
616 2755 656 2804 ac
668 2727 815 2803 discursu
829 2730 1040 2826 complebat.
1089 2730 1189 2802 Tum

211 2851 395 2948 Agricola,
417 2849 596 2947 superante
613 2849 765 2923 hostium
782 2847 1016 2936 multitudine,
1044 2846 1187 2938 veritus,

212 2996 256 3042 ne
274 2971 372 3043 simul
399 2969 434 3045 in
451 2970 616 3060 frontem,
641 2971 740 3043 simul
760 2973 793 3042 bc
821 2970 926 3041 latera
940 2966 1079 3042 suorum
1096 2995 1188 3068 pug-

177 3123 178 3134 ¹
210 3109 362 3178 naretur,
385 3071 534 3164 diductis
557 3089 751 3179 ordinibus,
770 3113 985 3186 quamquam
1003 3089 1190 3185 putredior

210 3209 299 3282 acies
316 3207 430 3284 futura
445 3230 527 3300 erat,
559 3213 591 3283 bc
622 3217 648 3252 “
666 3210 898 3298 arcess'endas''
917 3208 1071 3306 plerique
1090 3217 1120 3279 .“
1140 3213 1187 3284 le-

153 3359 156 3374 ·
212 3337 240 3370 “
259 3329 404 3426 giones''
432 3331 683 3420 admonebant,
719 3329 911 3428 promptior
936 3328 974 3400 in
1005 3329 1124 3429 spem,
1154 3338 1189 3407 δι

210 3451 333 3522 firmus
357 3451 517 3538 adverfis,
546 3449 683 3522 dimisso
712 3473 804 3545 equo
826 3449 930 3545 pedes
950 3468 1036 3522 ante
1062 3451 1191 3526 vexilla

210 3568 370 3643 constitit.
475 3641 477 3654 ,

259 3689 436 3763 XXXVI.
454 3703 459 3715 ·
476 3691 532 3760 Ac
568 3688 680 3784 primo
706 3689 886 3786 congressu
919 3689 1054 3766 eminus
1081 3709 1189 3763 certa·

211 3809 334 3883 batur:
368 3808 468 3883 fimul
486 3807 686 3900 constantii,
719 3811 817 3882 simul
842 3829 911 3882 arte
939 3809 1105 3899 Britanni,
1134 3809 1189 3890 in,-
