3126 4864
348 361 416 432 126
556 357 1143 433 cconnnnuTrcm

346 535 391 606 ad
412 529 566 606 senatum
591 532 776 607 miserante
808 533 859 606 illi
896 534 1020 607 “vim
1047 532 1323 636 multitudinis,”

346 651 383 724 hi
413 653 722 752 “magistratuum
751 658 785 727 δι
809 653 913 752 primi
937 652 1100 752 cujusque
1117 653 1325 728 avaritiam”

341 772 565 869 increpantes.
627 775 791 872 Csrmque
825 773 947 848 seditio
973 771 1020 850 ad
1047 770 1128 846 saxa
1157 779 1190 847 &
1211 774 1325 849 minas

342 891 479 990 ignium
505 897 695 992 progressa,
724 919 847 989 necem
873 899 907 968 &
937 920 1033 967 arma
1062 894 1253 992 perliceret,
1278 897 1324 968 C.

342 1011 474 1086 Callius
498 1015 698 1090 adhibendo
734 1015 889 1089 remedio
914 1017 1091 1090 delectus:
1127 1015 1209 1114 quia
1228 1014 1321 1089 seve-

343 1133 483 1208 ritatem
513 1133 585 1232 ejus
614 1162 684 1209 non
710 1123 917 1228 tolerabant,
956 1156 1118 1234 precante
1152 1135 1238 1234 ipso,
1275 1138 1321 1211 ad

266 1326 271 1338 ,
341 1253 539 1328 Scribonios
569 1253 687 1330 fratres
717 1283 757 1331 ea
787 1283 870 1332 cura
897 1255 1114 1347 transfertur,
1149 1255 1230 1330 'data
1259 1281 1321 1329 co-

341 1375 443 1448 horte
456 1375 641 1473 praetoria:
670 1376 767 1475 cujus
798 1398 940 1468 terrore,
966 1383 1214 1474 &paucorum
1241 1375 1321 1472 sup-

343 1495 463 1596 plici0,
489 1496 590 1568 rediit
614 1496 798 1592 oppidanis
823 1496 1019 1569 concordia.

392 1617 531 1689 XLIX.
556 1617 594 1688 N
598 1633 650 1688 ort
680 1613 843 1688 referrem
876 1615 1148 1713 vulgatissimum
1174 1616 1320 1690 senatus·
1418 1710 1422 1716 Ι

341 1733 552 1832 consultum,
586 1761 657 1831 quo
681 1734 850 1808 “civitati
876 1735 1165 1830 Syracusanorum
1200 1737 1322 1835 egredi

344 1862 373 1904 “
390 1879 590 1944 numerum,
616 1854 759 1928 edendis
792 1847 1040 1954 gladiatoribus
1060 1854 1212 1945 finitum,
1240 1882 1320 1953 per-

341 1981 370 2018 “
388 1973 589 2048 mittebatur
603 1977 640 2061 ;”
669 1975 729 2047 nisi
761 1977 876 2060 Paetus
897 1974 1050 2048 Thrasea
1086 1976 1205 2050 contrb
1239 1976 1303 2049 dix

342 2095 430 2186 isset,
458 2075 726 2194 praebuiffeique
754 2095 932 2170 materiem
959 2095 1245 2170 obtreslatonibus
1266 2123 1321 2170 ar-

275 2231 280 2246 *
341 2219 491 2314 guendae
513 2214 700 2290 sententia.
752 2225 779 2259 “
794 2218 866 2292 Cur
887 2216 995 2306 enim,
1020 2221 1044 2290 sr
1067 2216 1320 2314 rempublicam

343 2345 372 2380 “
391 2363 491 2436 egere
527 2336 682 2408 libertate
715 2337 881 2410 senatoria
918 2340 1086 2429 crederet,
1130 2357 1201 2412 tam
1233 2336 1321 2413 levia

344 2467 372 2505 ‘⁶
392 2441 661 2531 confestaretur?
687 2455 774 2551 quin
792 2459 836 2530 de
854 2459 948 2546 bello
967 2477 1026 2532 aut
1046 2483 1146 2554 pace,
1170 2459 1215 2536 de
1239 2483 1319 2532 vec-

333 2585 371 2622 ·“
389 2576 551 2675 tigalibus
569 2578 602 2648 ὅτ
619 2575 755 2674 legibus
768 2574 961 2673 quibusque
983 2575 1058 2648 aliis
1082 2602 1134 2648 res
1157 2581 1323 2656 Romana

345 2707 372 2744 ‘⁴
391 2695 599 2786 continetur,
628 2695 782 2770 suaderet
811 2695 1085 2770 dissuaderetve?
1118 2694 1242 2770 Licere
1258 2721 1320 2793 pa·

344 2826 372 2870 ·“
391 2816 516 2907 tribus,
531 2816 691 2912 quotiens
709 2814 766 2915 jus
788 2817 943 2893 dicendae
967 2813 1141 2890 sententiae
1167 2816 1317 2915 accepis-

343 2947 371 2982 “
388 2938 473 3028 sent,
505 2963 585 3035 quae
608 2939 752 3029 vellent,
790 2962 1009 3036 expromere,
1047 2937 1323 3036 relationemque

341 3060 425 3131 “in
449 3083 490 3132 ea
518 3058 702 3162 postulare.
754 3063 814 3132 An
837 3057 949 3132 solum
978 3059 1221 3133 emendatione
1239 3058 1318 3158 dig-

343 3187 372 3222 “
391 3203 490 3269 num,
517 3205 561 3251 ne
590 3180 759 3277 Syracusis
789 3178 984 3276 spedtacula
1014 3181 1142 3279 largius
1176 3179 1317 3252 ederen-

343 3307 371 3346 “
389 3303 471 3392 tor?
507 3301 629 3376 Cetera
651 3323 712 3397 per
739 3325 862 3372 omnes
886 3299 1022 3398 imperii
1047 3319 1159 3398 partes
1179 3299 1320 3396 perinde

343 3428 371 3464 “
389 3421 542 3518 egregia,
562 3421 670 3517 qulam
694 3425 716 3493 si
744 3446 815 3492 non
835 3422 947 3511 Nero,
970 3419 1029 3494 sed
1051 3417 1201 3494 Thrasea
1225 3417 1317 3516 regi-

341 3549 470 3613 “men
492 3567 614 3614 eorum
638 3545 795 3614 teneret?
822 3541 931 3639 Qiod
954 3543 977 3613 fi
1001 3541 1135 3614 summa
1162 3536 1316 3612 dissimu-

343 3670 370 3706 “
389 3661 516 3735 latione
532 3658 853 3752 transmitterentur,
873 3657 1136 3759 quantomagis
1157 3657 1318 3736 inanibus
1400 3749 1402 3762 Ι

342 3792 371 3835 “
388 3782 628 3866 abstinendum
645 3785 684 3861 ?''
712 3781 863 3862 Thrasea
884 3782 1019 3875 contra,
1045 3779 1215 3858 rationem
1238 3779 1316 3884 pos.
