3076 4868
458 395 754 470 Annncrtrnt
796 391 906 496 Lrn.
947 390 1031 468 XII.
1180 419 1225 498 79

299 568 434 645 LXIV.
459 565 516 644 M.
542 575 705 663 As1n10,
718 571 846 646 Manio
875 569 990 646 Acilio
1014 570 1225 666 consulibus,

200 675 203 684 ¹
250 691 483 766 mutationem
499 715 614 768 rerum
640 692 678 766 in
718 693 868 767 deterius
901 691 1076 791 portendi,
1103 695 1226 792 cogni-

247 829 325 886 tum
343 813 393 886 est
410 813 539 888 crebris
563 812 742 911 prodigiis.
792 813 899 912 Signa
914 840 954 887 ac
972 802 1119 888 lentoria
1136 811 1227 886 mili·

140 981 150 994 .
249 950 328 1006 tum
356 933 440 1034 igne
471 933 597 1008 caelesti
626 936 748 1006 arsere.
797 932 947 1032 Fastigio
964 933 1127 1031 Capitolii
1144 959 1226 1007 exa-

249 1075 333 1126 men
362 1053 483 1151 apium
516 1051 658 1126 insedit..
696 1052 864 1126 Biformes
880 1053 1064 1128 hominum
1082 1073 1199 1151 partus
1214 1082 1234 1155 :y

244 1177 285 1248 ἃ
302 1170 369 1250 suis
385 1174 499 1248 fetum
515 1173 661 1265 editum,
691 1172 747 1247 cui
779 1171 981 1270 'accipitrum
1011 1193 1145 1274 ungues
1169 1173 1226 1248 in·
1331 1205 1339 1214 ·

252 1295 371 1368 effent.
419 1281 680 1368 Numerabatur
720 1291 810 1367 inter
850 1293 992 1384 ostenta,
1028 1293 1229 1370 deminutus

251 1411 415 1518 omnium
433 1412 695 1512 magistratuum
712 1439 899 1506 numems‚.
912 1413 1094 1512 quaestore,
1120 1415 1227 1505 aedili,
1303 1400 1306 1408 ’

194 1559 200 1567 ’
252 1532 405 1624 tribuno,
446 1557 488 1608 ac
517 1552 679 1631 pretore,
727 1537 761 1608 δι
796 1533 948 1626 consule,
986 1557 1113 1632 paucos
1141 1532 1229 1608 intra

134 1666 136 1676 '
249 1652 381 1726 menses
399 1651 582 1728 defundis.
607 1656 675 1730 Sed
691 1653 727 1730 in
747 1655 927 1754 praecipuo
944 1679 1075 1753 pavore
1091 1654 1225 1753 Agrip-

139 1843 142 1850 .
248 1773 332 1871 pina
360 1793 484 1850 vocem
513 1775 667 1868 Claudii,
699 1801 807 1875 quam
836 1778 1048 1851 temulentus
1080 1767 1225 1874 jecerat,

249 1891 395 1969 “fatale
422 1895 498 1988 fibi,
532 1916 571 1972 ut
596 1895 792 1996 conjugum
822 1896 955 1996 flagitia
986 1897 1105 1986 ferret,
1142 1896 1227 2002 dein

249 2021 277 2060 “
295 2017 473 2113 puniret,'’
500 2037 674 2106 metuens,
699 2041 810 2113 agere
844 2023 877 2090 &
917 2018 1063 2089 celerare
1093 2016 1227 2108 statuit,
1325 2095 1332 2104 ‚

248 2138 379 2234 perditi
396 2137 492 2235 prius
507 2124 668 2210 Domitia
681 2133 834 2229 Lepide,
854 2132 1083 2210 muliebribus
1099 2142 1224 2210 caufis:

248 2258 332 2356 quia
358 2257 498 2356 Lepida
525 2254 659 2329 minore
699 2251 855 2328 Antonii
888 2251 1016 2350 genita,
1053 2258 1227 2328 avunculo

249 2378 426 2475 Augusto,
450 2373 659 2474 Agrippinae
675 2373 811 2476 sobrina
823 2371 931 2472 prior,
961 2397 1002 2446 ac
1018 2371 1134 2463 Cneii,
1152 2399 1226 2446 ma-

248 2495 303 2574 riti
322 2494 407 2594 ejus,
433 2492 537 2588 soror,
563 2502 681 2594 parem
700 2495 762 2570 fibi
779 2492 1024 2570 claritudinem
1039 2475 1225 2568 credebate
1341 2547 1348 2554 -

201 2645 205 2652 ¹
247 2641 312 2692 nec
328 2615 455 2708 forma,
475 2637 571 2708 aetas,
590 2639 675 2715 opes
692 2616 844 2692 multirm
861 2615 1034 2692 distabant
1041 2643 1052 2703 3
1081 2619 1115 2689 ὃς
1134 2636 1226 2690 utra-

246 2763 317 2835 que
345 2737 538 2836 impudica,
564 2737 715 2829 infamis,
734 2735 901 2828 violenta,
920 2737 1015 2810 haud
1032 2735 1147 2810 minias
1172 2736 1226 2810 vi-

248 2855 303 2930 tiis
319 2858 586 2952 aemulabantur,
617 2859 727 2958 quim
761 2863 784 2932 fi
814 2885 883 2957 qua
910 2883 957 2932 ex
974 2857 1113 2932 fortuna
1130 2857 1225 2956 pros-

249 3002 334 3076 pera
349 2999 563 3075 acceperant.
602 2979 796 3054 Enimvero
812 2999 988 3056 certamen
1004 2978 1225 3070 acerrimum,

249 3098 357 3172 amita
374 3083 504 3196 potius,¹
534 3125 579 3172 an
602 3121 724 3191 mater,
754 3102 849 3198 apud
866 3103 1046 3176 Neronem
1058 3103 1226 3198 praevale-

183 3201 186 3210 *
250 3238 313 3294 ret.
363 3219 461 3292 Nam
482 3219 619 3316 Lepida
645 3220 892 3298 blandimentis
917 3248 957 3296 ac
987 3217 1236 3319 largitionibus·

167 3341 195 3376 ³
242 3337 440 3439 juvenilem
472 3338 632 3414 animum
659 3341 878 3416 devinciebat
890 3371 900 3427 ;
930 3341 1020 3416 truci
1042 3341 1161 3414 contri
1184 3367 1226 3416 ac
1291 3368 1294 3384 ·

248 3461 378 3536 minae-i
400 3460 615 3560 Agrippind,
640 3487 718 3561 quae
741 3461 815 3536 filio
838 3463 920 3536 dare
942 3461 1142 3559 imperium,
1170 3481 1224 3534 to·

226 3584 354 3660 letare
378 3581 639 3682 imperitantem
662 3575 841 3680 nequibat.

181 3781 184 3788 ,
233 3740 238 3749 ’
297 3705 415 3780 LXV.
439 3705 639 3780 Cerenunt
667 3697 804 3800 objeda
833 3702 910 3778 sunt
941 3701 1077 3800 “qubd
1104 3699 1224 3799 conju-

249 3829 280 3870 “
299 3821 398 3924 gium
423 3823 594 3924 Principis
622 3823 868 3902 devotionibus
897 3822 1081 3924 p'etivillet‚
1111 3821 1225 3918 qudd-
