3126 4864
452 386 763 458 Auunnruru
797 383 911 454 Lis.
937 382 1038 454 XIII.
1113 425 1115 434 ·
1168 404 1230 453 111

260 567 342 656 rius,
367 565 565 658 consularis,
588 565 737 640 avaritiae
765 565 967 640 criminibus
992 565 1076 658 olim
1100 567 1236 662 percul-

204 713 211 734 ‘
259 687 324 761 sus.
389 692 435 762 Et
475 686 673 785 Pomponia
711 687 885 776 Graecina,
926 686 1065 785 infignis
1093 684 1236 776 semina,

260 808 412 898 Plautio,
431 808 492 906 qui
516 818 626 880 ovans
649 806 743 880 sede
761 807 937 880 Britanniis
961 805 1091 895 retulit,
1111 826 1235 902 nupta,

258 955 299 1003 ac
330 939 356 974 “
382 927 626 1028 superstitionis
652 930 828 1002 externae’'
858 955 927 1017 rea,
963 927 1077 1000 mariti
1103 925 1238 1024 judicio

260 1049 436 1150 'permissa
488 1047 590 1145 Isque
619 1047 728 1145 prisco
757 1048 925 1137 institute,
952 1047 1157 1146 propinquis
1179 1073 1237 1121 co-

261 1192 354 1260 ram,
379 1171 424 1243 de
446 1169 560 1264 capite
581 1167 742 1266 famaque
760 1166 916 1266 conjugis
932 1169 1114 1266 cognovit,
1132 1174 1166 1241 ὃς
1186 1167 1238 1240 in-

261 1291 399 1366 sontem
433 1288 616 1361 nuntiavit.
667 1293 795 1387 Longa
822 1289 904 1363 huic
921 1288 1126 1385 Pomponia²
1144 1310 1238 1378 aetas,

265 1415 299 1484 bc
319 1409 482 1482 continua
499 1409 630 1482 tristitia
646 1409 721 1482 suit.
771 1412 867 1484 Nam
881 1409 958 1507 post
971 1408 1118 1506 Juliam,
1137 1411 1241 1484 Drusi

263 1530 388 1619 filiam,
411 1531 494 1602 dolo
522 1530 714 1604 Messalinae
739 1528 970 1619 interfectam,
1001 1537 1076 1626 per‘
1093 1531 1242 1626 quadra-

263 1650 361 1748 ginta
376 1675 507 1740 annos,
516 1675 588 1722 non
606 1653 702 1726 cultu
718 1650 779 1723 nifi
793 1651 946 1748 lugubri,
966 1673 1037 1722 non
1050 1650 1168 1722 animo
1180 1644 1250 1724 nifi'

167 1805 169 1820 ·
262 1769 383 1842 masto
399 1771 482 1869 egit.
533 1772 645 1870 quue
661 1771 726 1862 illi,
744 1771 962 1870 imperitante
984 1769 1148 1861 Claudio,
1171 1769 1242 1846 im·

261 1915 369 1991 pune,
387 1917 472 1964 mox
486 1892 530 1964 ad
551 1891 698 1989 gloriam
712 1893 825 1966 vertit.
1175 1981 1179 1994 ι

312 2013 485 2084 ΧΧΧΙΙΙ.
511 2015 616 2084 luunt
634 2037 743 2084 annus
758 2013 873 2106 plures
889 2037 966 2083 reos
979 2013 1099 2084 habuit
1116 2041 1124 2084 :
1152 2039 1241 2110 quo-

262 2157 343 2208 tum
367 2135 407 2204 P.
434 2106 608 2220 Celerem,
634 2130 816 2201 accusante
839 2131 932 2218 Asia,
961 2129 1042 2224 quia
1069 2131 1243 2209 absolvere

239 2266 245 2286 ⁸
264 2253 430 2350 nequibat
448 2249 574 2338 Caesar,
593 2249 709 2338 traxit,
728 2233 861 2320 senecta
874 2249 987 2320 donec
1000 2269 1151 2321 mortem
1167 2254 1244 2325 obi-

263 2393 330 2445 ret.
379 2373 477 2442 Nam
494 2370 607 2459 Celer,
630 2367 822 2460 interfecto,
846 2389 884 2440 ut
899 2369 1106 2459 memoravi,
1130 2370 1246 2444 Silano
1292 2365 1293 2369 ¹

266 2488 487 2590 proconsule,
503 2489 745 2588 magnitudine
761 2488 893 2564 sceleris
910 2511 1022 2568 cetera
1040 2490 1171 2590 flagitia
1181 2494 1245 2566 ob-

265 2615 415 2711 tegebat.
464 2611 705 2685 Cossutianum
729 2612 937 2710 Capitonem
959 2611 1084 2686 Cilices
1113 2613 1246 2685 detule-

265 2755 355 2823 rant,
388 2742 417 2808 ‘.‘
434 2733 649 2809 maculosum
674 2731 895 2834 fredamque,
923 2739 960 2805 ὃ(
983 2732 1077 2806 idern
1098 2732 1157 2832 jus
1185 2759 1245 2806 au-

269 2833 296 2897 ‘3
316 2856 422 2928 daciae
440 2856 475 2928 in
494 2854 670 2953 provincial
688 2874 814 2944 ratum,
841 2855 938 2951 quod
960 2853 996 2936 in
1019 2857 1121 2933 Urbe
1147 2880 1245 2926 exer·
1290 2915 1292 2918 .
1316 2895 1319 2906 ·

271 2978 472 3052 “encrat''
533 2977 601 3048 Sed
635 2975 807 3072 pervicaci
847 2973 1065 3048 accusatione
1100 2975 1249 3060 conflic-

271 3116 376 3184 tatus,
397 3094 571 3192 postremi)
588 3096 823 3171 desenfionem
841 3095 967 3186 omisit,
991 3123 1038 3169 ac
1056 3097 1133 3194 lege
1149 3121 1246 3193 repe-

239 3241 243 3250 ·
270 3217 460 3290 tundantm
482 3215 664 3290 damnatus
686 3217 746 3290 est.
797 3219 867 3289 Pro
887 3215 993 3312 Eprio
1009 3219 1196 3308 Marcello,
1225 3243 1248 3298 a

269 3363 344 3435 quo
356 3334 460 3432 Lycii
478 3359 529 3408 res
544 3340 757 3432 repetebant,
773 3338 814 3409 eb
827 3337 934 3436 usque
951 3337 1101 3412 ambitus
1117 3353 1246 3436 praeva-

269 3457 348 3548 luit,
381 3477 421 3530 ur
445 3455 591 3554 vquidam
615 3457 854 3550 accusatorum
882 3459 953 3558 ejus
982 3460 1102 3532 exsilio
1120 3462 1247 3540 multa-

200 3625 203 3634 =
271 3599 404 3668 rentur,
432 3585 459 3620 “
474 3597 656 3674 tamquam
671 3577 795 3650 insonti
813 3579 1006 3677 periculum
1023 3561 1212 3654 seciffent{’'
1277 3583 1287 3594 “

320 3701 494 3773 XXXIV.
519 3700 691 3774 Neroua
711 3699 851 3772 tertium
868 3702 1020 3792 consule,
1052 3703 1150 3774 simul
1173 3699 1248 3773 iniit
1343 3704 1345 3710 ’
1382 3695 1387 3702 ’

273 3820 489 3902 consulatum
522 3818 680 3894 Valerius
722 3822 881 3912 Messala,
928 3819 1025 3918 cujus
1061 3815 1246 3918 proavum,
