3120 4860
355 346 1011 468 ¹-Anuna1um1itaXls
1161 397 1229 494 185
1339 501 1341 508 Α

254 569 290 640 8c
306 565 479 664 postremi)
508 574 536 612 “
556 566 791 667 Agrippinae”
812 593 943 643 nomen
968 567 1086 658 cieret,
1116 574 1144 612 “
1163 571 1233 668 qul

251 692 283 728 ⁴‘
300 686 485 779 incolumi,
525 688 646 763 infelix
679 687 825 786 quidem
858 688 1134 781 matrimonium,
1173 687 1233 764 sed

206 870 207 874 ,
253 814 282 850 “
300 812 369 882 sine
393 809 501 884 exitio
519 808 743 908 pertulisset.'’
805 808 1040 908 Restringitur
1067 808 1231 898 vinculis,

251 954 421 1028 venaeque
448 929 520 1028 ejus
547 955 609 1027 per
636 956 758 1004 omnes
784 949 875 1004 artus
901 927 1154 1016 exsolvuntur3
1180 935 1231 1020 ὅτ,

248 1049 335 1148 quia
369 1051 499 1147 pressus
533 1075 661 1148 pavore
693 1049 831 1148 sanguis
870 1049 999 1124 tardius
1035 1053 1230 1144 labebatur,

254 1169 455 1267 praefervidi
479 1165 594 1244 balnei
618 1195 749 1268 vapore
772 1191 946 1245 enecatur.
1009 1165 1233 1276 Additurqqe
1296 1267 1297 1274 ἵ

251 1292 403 1366 atrocior
428 1289 567 1382 saevitia,
598 1290 694 1389 quod
724 1312 830 1388 caput
855 1311 1076 1389 amputatum
1104 1294 1231 1366 latum-

252 1437 324 1511 que
341 1412 378 1484 in
388 1414 530 1486 'Urbem
545 1413 698 1508 Poppaea
713 1410 813 1484 vidit.
863 1415 969 1486 Dona
987 1415 1034 1488 ob
1051 1414 1126 1486 huc
1142 1433 1232 1488 tem·

252 1532 319 1630 plis
336 1534 484 1606 decreta.
534 1530 645 1628 Qod
662 1531 707 1606 ad
723 1557 805 1606 eum
818 1535 925 1607 finem
943 1532 1232 1624 memoravimus,

250 1674 303 1742 ut,
325 1653 541 1752 quicumque
557 1651 651 1726 casus
668 1671 869 1750 temporum
882 1653 1037 1744 illorum,
1057 1655 1157 1728 nobis
1175 1657 1233 1730 vel

249 1773 325 1850 aliis
345 1773 559 1864 ausloribus,
595 1770 748 1864 noscent,
783 1772 1036 1872 praesumptum
1064 1777 1260 1866 habeant„-

249 1894 410 1993 quotiens
438 1893 538 1994 sugas
572 1898 606 1968 δι
636 1895 749 1967 caedes
770 1891 866 1992 jussit
887 1895 1068 1992 Princeps,
1103 1897 1232 1972 totiens

249 2036 363 2118 grates
399 2015 474 2090 deis
510 2016 625 2100 auas3
667 2037 819 2110 quaeque
851 2037 965 2084 rerum
1001 2002 1232 2090 secundarum

248 2137 350 2228 olim,
380 2156 459 2208 tum
489 2133 641 2232 publicae
658 2131 767 2206 cladis
788 2129 1056 2229 infigniafuiffe.
1104 2138 1234 2236 Neque

248 2277 369 2333 tamen
394 2254 582 2342 silebimus,
606 2255 629 2324 fi
654 2251 752 2348 quod
773 2249 1115 2345 senatusconsultum,
1145 2259 1231 2330 adu-

248 2378 377 2456 latione
401 2399 550 2462 novum,
578 2393 637 2446 aut
654 2370 818 2469 patientia
835 2371 1050 2471 postremum
1068 2373 1144 2454 suit.
1206 2410 1211 2422 ,

296 2499 415 2572 LXV.
443 2498 587 2569 Eouanr
614 2501 706 2568 anno
723 2491 927 2568 libertorum
951 2494 1143 2592 potiffimos
1172 2525 1233 2572 ve-

183 2631 187 2640 “
249 2645 344 2696 neno
367 2614 570 2692 interfecisse
587 2614 735 2690 creditus
751 2614 815 2704 est,
840 2617 1107 2714 Doryphorum,
1137 2623 1232 2720 quafi

246 2739 464 2819 adversatum
495 2737 627 2836 nuptiis
659 2739 848 2835 Poppaeae3
890 2737 1099 2829 Pallantem,
1134 2740 1233 2838 quiid

143 2893 145 2905 ·
248 2859 453 2942 immensam
499 2855 685 2958 pecuniam
734 2859 841 2955 longai
885 2855 1018 2932 senecta
1052 2861 1234 2946 detineret.

125 3007 132 3016 ·
249 2984 432 3062 Romanus
455 2979 591 3055 secretis
615 2977 916 3052 criminationibus
941 2978 1155 3056 incusaverat
1171 2986 1231 3057 Se-

247 3126 386 3191 necam,
399 3120 440 3173 ut
455 3101 498 3174 C.
516 3098 647 3173 Pisonis
664 3096 809 3189 socium,
823 3097 881 3174 sed
899 3099 1046 3174 validius
1065 3128 1085 3175 a
1102 3105 1249 3206 Seneca·

133 3239 139 3246 ‘
248 3221 376 3296 eodem
393 3219 540 3298 crimine
556 3217 732 3318 perculsus
748 3218 806 3293 est.
856 3221 965 3295 Unde
981 3221 1095 3298 Pisoni
1111 3224 1230 3316 timor,

248 3347 283 3424 δι
301 3363 377 3418 orta
395 3340 594 3416 infidiarum
611 3339 648 3416 in
672 3341 855 3418 Neronem
872 3319 1002 3446 magna
1017 3347 1142 3440 moles,
1171 3345 1231 3424 sed

248 3461 472 3596 improspera.
