3126 4864
345 335 420 428 rrss
608 331 649 404 C.
676 333 909 405 corazin
940 333 1118 406 Tactrr
1170 383 1172 391 -

340 513 478 584 diorum
515 507 634 580 Patrio
667 508 833 606 Orphito,
875 508 1045 606 primipili
1072 491 1204 582 honore
1238 533 1318 607 per·

339 631 472 719 fundo,
490 630 652 709 mandat.
702 629 736 702 Is
763 623 981 728 quamquam
1009 627 1166 703 intautos
1192 622 1318 703 barba-

340 775 410 838 ros,
439 755 471 824 &
493 753 581 824 bene
599 752 756 849 gerendae
776 750 824 823 rei
844 749 964 823 «casum
988 749 1103 824 offerri
1130 748 1320 847 scripserat,

341 877 368 913 “
387 891 504 944 tenere
525 870 559 944 se
580 869 820 960 munimentis,
849 876 882 943 ἃ
907 868 1052 968 majores
1071 870 1189 974 ¹copias
1210 896 1318 968 oppe-

341 999 370 1034 “
388 991 469 1063 riri''
496 989 654 1089 jubetur.
709 993 776 1064 Sed
806 1012 909 1112 rupto
944 989 1105 1089 imperio,
1135 991 1318 1089 postquam

341 1138 493 1210 paucaee
512 1111 680 1210 proximis
698 1111 842 1186 castellis
855 1133 976 1185 turmae
990 1113 1213 1204 advenerant,
1228 1138 1319 1210 pug-

340 1259 494 1330 namque
506 1232 678 1331 imperitist
697 1231 897 1330 poscebant,
912 1235 1110 1332 congressus
1126 1259 1207 1307 cum
1221 1232 1321 1306 hoste

341 1354 509 1428 funditur.
561 1357 609 1426 Et
625 1355 757 1427 damno
783 1354 854 1452 ejus
874 1354 1025 1427 exterriti
1049 1355 1110 1452 qui
1134 1353 1321 1436 subsidium

341 1475 427 1550 serre
450 1477 654 1564 debuerant,
672 1473 731 1546 sua
749 1473 893 1571 quisque
908 1473 946 1546 in
963 1475 1073 1546 castra
1090 1475 1223 1570 trepidi
1239 1473 1323 1573 suga

343 1596 485 1668 rediere.
534 1595 643 1690 and
671 1593 821 1690 graviter
846 1595 1001 1665 Corbulo
1020 1593 1184 1689 accepit:
1206 1593 1323 1698 vincre-

341 1714 525 1812 pitumque
537 1712 711 1802 Paetium,
725 1718 758 1786 ἃ
777 1712 969 1810 praefedos,
981 1712 1190 1811 militesque,
1209 1722 1236 1756 “
1246 1735 1322 1792 ten-

336 1841 370 1876 ·“
383 1836 464 1906 dere
480 1859 602 1906 omnes
615 1853 712 1907 extra
723 1835 879 1906 vallum'’
889 1832 982 1932 jusstt
998 1863 1006 1906 :
1026 1833 1132 1931 inque
1144 1837 1184 1906 ed
1196 1855 1324 1909 contu-

344 1953 448 2028 melid
466 1953 613 2044 detenti,
634 1980 698 2029 nec
716 1954 788 2060 nisi,
802 1955 963 2056 precibus
981 1954 1131 2030 univer-fi
1150 1955 1327 2034 exercitus

346 2069 492 2149 exsoluti
509 2074 598 2148 sunt.
806 2173 809 2178 Ι

394 2197 589 2270 XXXVII.
616 2203 676 2270 Ar
703 2199 932 2302 Traronres
961 2197 1061 2296 super
1082 2199 1237 2297 proprias
1261 2201 1324 2274 cli·

345 2312 487 2406 entesas,
517 2343 585 2412 ope
611 2318 772 2414 Vologesr
795 2317 906 2390 fratris
928 2319 1080 2416 adjutus,
1108 2348 1180 2395 non
1207 2321 1325 2398 furtim

338 2438 428 2538 jam,
454 2436 512 2508 sed
529 2436 644 2530 palam
669 2437 763 2506 besso
784 2436 949 2512 infensare
976 2443 1196 2534 Armeniam,
1223 2444 1328 2543 quos-

345 2583 414 2656 que
443 2555 532 2628 fidos
555 2553 657 2625 nobis
679 2557 817 2627 rebatur
831 2553 1069 2655 'depopulari3
1101 2567 1135 2634 dc
1164 2569 1186 2635 sr
1216 2567 1328 2663 copiae

345 2676 464 2749 contra
481 2675 703 2765 ducerentur,
728 2676 892 2765 eludere3
918 2681 987 2753 hue
1015 2707 1157 2781 quoque
1182 2686 1215 2756 δι
1241 2685 1328 2763 illuc

345 2795 506 2883 volitans,
526 2796 624 2892 plura
640 2795 746 2887 samri,
765 2779 872 2895 quam
890 2804 1008 2901 pugnas
1024 2822 1206 2879 exterrere.
1255 2809 1327 2907 Igiq

345 2938 400 2989 tur
422 2915 594 3006 Corbuln,
625 2921 766 3015 quaesrto
782 2919 844 2993 diu
861 2921 1002 3018 proelio,
1036 2925 1160 3001 frustra
1175 2929 1325 3021 habitus,

347 3042 381 3108 δι
411 3039 575 3133 exemplo
602 3039 755 3114 hostium
773 3041 994 3118 circumferre
1012 3047 1146 3122 bellum
1173 3052 1327 3140 coaetus,

347 3155 503 3253 dispartit
519 3157 621 3250 vires,
647 3182 688 3234 ut
705 3163 809 3260 legati
828 3163 1051 3264 praesedtique
1066 3168 1217 3244 diversos
1233 3173 1329 3244 socos

348 3278 473 3376 pariter
496 3278 715 3354 invaderent:
745 3287 844 3357 simul
866 3311 984 3384 regem
1009 3288 1229 3363 Antiochum
1248 3317 1334 3386 mog

350 3420 424 3491 net,
461 3407 488 3442 “
510 3401 690 3497 proximas
714 3404 775 3476 fibi
793 3404 1012 3501 praeseduras
1029 3411 1178 3506 petere.''
1227 3413 1327 3487 Nam

349 3519 609 3614 Pharasmanes,
634 3522 813 3601 interfeeto
829 3525 902 3598 filio
921 3529 1162 3619 Rhadamisto,
1191 3537 1219 3572 “
1232 3535 1327 3630 quast

315 3729 329 3742 ..
352 3647 380 3684 “
401 3641 576 3738 proditore
590 3643 683 3733 sus,''
708 3643 780 3741 qud
798 3647 906 3720 fidem
928 3648 964 3720 in
980 3675 1042 3722 nos
1058 3649 1252 3742 testaretur,
1266 3677 1328 3726 ve-

350 3782 406 3840 tus
434 3763 599 3839 adversus
633 3748 822 3844 Armenios
843 3767 975 3847 odium
1004 3770 1200 3874 promptius
1227 3797 1326 3852 exer-
