3126 4864
468 377 765 452 Anunertrm
807 371 918 444 Lrts.
960 367 1060 480 xlv.
1187 373 1251 444 181

274 551 380 650 pedu
414 548 513 648 (ipsa,
532 547 710 646 Principis*
732 545 852 622 verba
866 545 1033 641 reseram)
1052 529 1093 608 ¹..“
1118 546 1257 644 Qin,'’

272 671 401 771 inquit,
433 678 461 716 ‘⁴
478 671 593 761 Nem,
612 671 770 766 deposito
786 665 897 759 metu,
921 669 1056 765 nuptias
1073 669 1254 764 Poppaeae,

260 797 303 854 ·“
319 793 369 866 ob
400 789 569 890 ejusmodi
597 787 742 864 terrores
771 789 906 880 dilatas,
946 809 1117 862 maturare
1145 806 1256 885 parat,
1281 832 1285 840 ·

261 919 300 996 .,“
318 912 575 1010 Odaviamque
598 905 786 1008 conjugem
812 907 961 1007 amoliri,
992 908 1154 1006 quamvis
1180 933 1257 982 mo·

274 1039 304 1076 “
321 1032 417 1107 dest&
435 1051 529 1132 agat,
559 1037 594 1106 &
623 1029 767 1104 nomine
796 1031 914 1128 patris,
941 1030 1115 1114 &studiis
1134 1029 1259 1128 populi

261 1161 302 1196 '⁴‘
321 1179 463 1254 gravem
479 1155 519 1226 ?''
580 1155 648 1226 Sed
681 1153 727 1224 ad
756 1149 913 1225 senatum
938 1153 1050 1228 literas
1074 1151 1178 1241 mifit,
1213 1152 1259 1223 de

267 1275 369 1348 eade
389 1275 504 1348 ¹Sullae
527 1273 713 1371 Plautique
751 1274 849 1346 haud
864 1259 1082 1358 :confess'us3
1122 1272 1257 1356 ,verbm

195 1431 197 1440 ·
275 1402 302 1438 “
320 1393 495 1492 utriusque
512 1394 700 1468 turbidum.
717 1393 902 1493 ingenium
919 1395 999 1484 effe,
1027 1399 1060 1466 dt
1078 1391 1140 1466 fibi
1161 1393 1258 1466 inco-

264 1520 303 1578 .“
322 1515 516 1589 lumitatem
534 1515 735 1612 reipublicae
748 1513 878 1613 magnas
893 1515 975 1598 curd
992 1511 1148 1586 haberi.''
1184 1515 1257 1585 De·
1312 1571 1315 1576 .
1431 1555 1435 1562 ·

268 1655 374 1708 cretae
392 1635 594 1709 eonomine
624 1641 651 1678 “
669 1633 952 1732 supplicationes,
978 1631 1086 1732 utque
1103 1631 1198 1706 sulla
1222 1639 1256 1708 δι
1319 1721 1321 1734 Ι

272 1762 302 1802 “
319 1756 461 1829 Plautus
477 1754 597 1829 senatu
616 1751 874 1846 moverentur,’'
900 1753 1121 1854 gravitatibus
1136 1775 1257 1828 tamen

266 1876 442 1968 ludibriis,
456 1877 565 1974 quam
585 1876 696 1949 malis.

154 1977 160 1990 l
263 2061 267 2069 .
317 2001 403 2073 LX.
440 1999 584 2071 Iorrun
614 2016 762 2093 accepto
794 2014 931 2092 patrum
960 1997 1130 2087 consulto,
1161 1999 1254 2096 post.

169 2117 172 2130 '
270 2145 380 2219 quam
400 2119 526 2193 cunda
546 2117 715 2189 scelerum
729 2114 868 2188 suorum
885 2139 948 2212 pro
972 2116 1121 2212 egregiis
1145 2120 1256 2216 accipi

262 2239 384 2332 uidet,
419 2240 580 2312 exturbat
605 2234 806 2325 octaviam,
834 2241 862 2277 “
882 2234 1057 2308 sterilem¹'
1081 2233 1255 2312 distitans.

262 2359 371 2433 *Exin
394 2359 556 2456 Poppaeae
587 2355 824 2456 conjungitur.
876 2357 929 2428 Ea
955 2354 1017 2430 diu
1054 2357 1186 2453 pellex,
1221 2363 1256 2432 δι
1281 2348 1295 2376 ’“

264 2479 416 2556 adulteri
445 2478 611 2569 Neronis,
641 2503 730 2552 mox
754 2475 868 2552 mariti
898 2496 1036 2574 potens,
1062 2478 1256 2575 quemdam

266 2625 315 2674 ex
338 2597 503 2674 ministris
527 2599 684 2674 oetaviae
709 2597 864 2703 impulit,
884 2595 1085 2670 “servilem
1102 2597 1134 2670 ei
1157 2625 1256 2674 amo·

263 2729 302 2786 .“-
316 2723 415 2796 rem'’
439 2719 613 2820 objicere:
640 2719 899 2818 destinaturque
920 2743 997 2794 reus
1016 2741 1254 2817 cognomento

138 2845 144 2852 '
263 2841 424 2934 ¹Eucerus,
468 2841 606 2918 natione
654 2841 942 2932 Alexandrinus,
989 2865 1113 2915 canere
1162 2841 1254 2916 tibiis
1330 2927 1332 2930 ¹

214 3059 220 3072 .
253 2949 405 3036 'doetus
457 2965 557 3037 naae
575 2966 623 3038 ob
639 2962 677 3036 id
694 2964 740 3036 de
762 2961 898 3036 ancillis
915 2961 1135 3060 quaestiones,
1163 2967 1198 3036 st
1216 2962 1252 3036 vl
1287 3023 1290 3029 .

266 3081 535 3160 tormentomm*
557 3082 657 3158 victis
688 3081 911 3182 quibusdam,
937 3104 976 3157 ut
1007 3083 1088 3164 salsa
1120 3061 1259 3160 annue·x

266 3226 361 3296 rent,
394 3205 506 3302 plures
532 3196 707 3303 perstitere
730 3203 956 3278 sanstitatemv
971 3184 1126 3280 dominae
1150 3208 1252 3285 tueri.

270 3329 330 3400 Ex
361 3325 489 3424 quibus
505 3351 576 3406 una
591 3323 729 3398 instanti
754 3324 947 3424 Tigellino,
979 3315 1009 3370 ‘²
1018 3327 1160 3402 castiora
1184 3331 1253 3402 effe

267 3454 297 3497 ·“
314 3445 501 3522 muliebria
517 3445 697 3544 Octaviae”
714 3444 902 3542 respondit,
923 3453 950 3488 “
964 3431 1072 3546 quani
1090 3475 1128 3522 os
1144 3447 1251 3548 ejus.”

199 3580 201 3588 ’
267 3571 438 3642 Moretur
453 3587 573 3642 tamen
590 3565 706 3664 primd
739 3566 849 3640 civilis
878 3565 1012 3640 discidii
1029 3566 1158 3666 specie:
1185 3573 1251 3645 do-

251 3687 571 3788 ¹mumque'Burri,
602 3693 637 3762 a:
664 3687 793 3786 praedia
817 3688 946 3779 Plauti,
972 3686 1117 3762 infausta
1138 3691 1248 3781 dona,
1366 3780 1368 3785 .

200 3848 235 3902 ῃ
266 3803 406 3910 accipit.
455 3812 564 3902 Mox,
577 3807 616 3886 in
637 3809 871 3905 Campaniam
903 3808 1000 3910 pulsa
1032 3809 1095 3909 est,
1129 3808 1248 3892 addita

711 3929 750 4012 N
778 3955 798 4038 3
1138 3947 1140 3952 ’
