3006 4866
507 367 917 494 Gnnunnpm
1127 387 1194 463 κὴ

207 549 210 558 ’
268 563 331 636 Ill.
357 561 462 636 Sour
492 561 559 636 illis
585 565 661 638 haec
689 587 832 661 quoque
860 559 1024 650 carmina,
1048 584 1199 656 quorum

219 685 345 774 relatu,
372 709 480 804 quem
497 683 664 756 Barditum
675 703 815 774 vocant,
838 682 1033 758 accendunt
1048 681 1197 771 animos,

220 803 418 901 suturaque
446 829 575 904 pugnae
597 801 774 878 fortunam
804 803 1002 901 ipsoxcantu
1025 828 1198 901 auguran-

221 945 302 998 tur:
324 944 452 998 terrent
470 924 578 1013 enim,
597 924 828 1022 trepidantve,
849 945 952 1021 prout
968 923 1081 998 sonuit
1097 921 1198 996 acies.

169 1029 171 1034 f
216 1047 300 1134 ¹Nec
318 1065 510 1118 tamvoces
528 1044 609 1134 illae,
641 1046 747 1142 quarn
760 1044 896 1117 virtutis
908 1065 1117 1133 concentus,
1144 1043 1198 1116 vi·
1307 1069 1312 1080 ·

220 1167 374 1254 dentur:
413 1164 604 1240 adseclatur
639 1145 814 1262 praecipue
843 1164 1002 1262 asperitas
1032 1165 1119 1254 soni,
1163 1169 1198 1238 δι

220 1285 369 1360 fractum
394 1311 568 1377 murmur,
594 1285 733 1384 objeclis
762 1286 807 1358 ad
833 1311 871 1358 os
888 1283 1005 1374 scutis,
1037 1283 1107 1382 quo
1125 1287 1198 1382 ple·
1259 1373 1263 1384 .

148 1431 149 1436 ’
207 1406 299 1480 nior
322 1407 511 1506 &gravior
527 1433 599 1480 vox
616 1408 813 1504 repercussu
836 1401 1049 1477 intumescat.
1098 1406 1199 1502 Cete-

221 1527 302 1600 rum
332 1531 366 1600 ὅτ
397 1535 424 1569 “
443 1529 612 1601 Ulixem''
637 1527 783 1624 quidam
808 1525 1007 1624 opinantur,
1040 1527 1199 1622 “longo

11 1727 14 1736 y
108 1695 116 1704 ,
222 1646 329 1720 “illo
358 1652 391 1720 δι
409 1645 565 1722 sabuloso
590 1673 702 1720 errore
719 1647 754 1720 in
778 1649 873 1720 hunc
901 1648 1082 1719 Oceanum
1105 1646 1202 1718 dela·

221 1775 250 1810 “
268 1789 358 1858 tum,
384 1767 490 1841 adisse
506 1767 703 1841 Germaniae
727 1787 843 1858 terras,
862 1765 1196 1864 Asciburgiumque,

220 1894 249 1930 “
267 1889 377 1986 quod,
397 1887 432 1960 in
450 1889 524 1986 ripal
543 1889 660 1962 Rheni
684 1891 800 1976 situm,
827 1887 1000 1984 hodieque
1016 1886 1195 1978 incolitur,

218 2014 246 2054 “
264 2010 308 2082 ab
325 2008 386 2079 illo
400 2009 635 2103 constiturum,
654 2010 943 2103 nominatumque
959 2036 1196 2089 Asxmnprm,

219 2135 378 2202 “Aram
412 2127 602 2226 quinetiam
646 2127 749 2200 Ulixi
779 2125 1022 2217 consecratam,
1045 2127 1197 2226 'adjeslo

194 2257 246 2330 ,“
264 2252 404 2322 Laertae
435 2247 539 2344 patris
567 2245 721 2337 nomine,
753 2247 879 2320 eodem
907 2249 1000 2336 loeo,
1026 2231 1111 2320 olim
1145 2275 1196 2321 re-

219 2377 247 2412 “
266 2387 422 2466 pertam:
450 2387 761 2464 monumentaque,
790 2369 994 2440 &tumulos
1013 2367 1195 2464 quosdam,

218 2497 247 2532 “
265 2487 399 2562 Graecis
423 2487 527 2562 literis
544 2487 735 2585 inscriptos,
762 2489 798 2561 in
821 2487 976 2561 confinio
999 2491 1197 2592 Germania
1255 2587 1257 2590 Ι

219 2617 247 2652 “
266 2610 458 2708 Raetiaeqne
474 2609 589 2683 adhuc
613 2609 796 2682 exstare:''
818 2635 897 2708 quae
927 2635 1039 2708 neque
1065 2614 1193 2686 confir·

82 2731 89 2758 ⁸
188 2731 189 2738 ’
217 2757 313 2804 mare
336 2730 560 2830 argumentis,
596 2755 710 2827 neque
734 2729 887 2803 refellere
914 2730 950 2804 in
974 2731 1092 2804 animo
1120 2734 1193 2806 est:

217 2833 263 2924 ex
278 2851 421 2949 ingenio
438 2851 499 2924 suo
516 2851 660 2950 quisque
677 2852 808 2940 demat,
835 2853 891 2922 vel
901 2851 1006 2932 addat
1024 2830 1142 2926 sideni.

230 3000 244 3058 η’
266 2971 329 3044 IV.
347 2973 438 3044 Irsn'
450 2977 571 3044 eorum
585 2971 807 3068 opinionibus
823 2973 965 3061 accedo,
981 2971 1042 3069 qui
1062 2979 1089 3014 “
1107 2976 1195 3048 Ger·

110 3121 115 3134 ·
218 3099 247 3134 “
268 3091 391 3166 maniae
430 3093 579 3188 populos
613 3092 715 3166 nullis
743 3093 816 3166 aliis
844 3091 986 3176 aliarum
1014 3093 1195 3170 nationum

219 3219 248 3285 ‘.‘
267 3213 451 3286 connubiis
481 3211 638 3302 infeslos,
666 3213 863 3310 propriam,
890 3217 923 3286 δι
955 3217 1132 3304 sinceram,
1160 3221 1194 3290 ὅτ

132 3369 134 3376 v
218 3340 248 3378 “
266 3333 403 3408 tantiam
426 3333 477 3406 sul
495 3334 638 3408 similem
657 3355 798 3433 gentem
816 3335 1004 3408 exstitiffe''
1025 3335 1193 3409 arbitran-

215 3475 284 3528 tur.
325 3455 434 3528 Unde
450 3454 589 3528 habitus
602 3481 741 3553 quoque
758 3482 958 3552 corporum,
977 3480 1194 3555 quamquam
1266 3514 1270 3523 »

215 3575 253 3652 in
269 3595 365 3651 tanto
383 3575 568 3648 hominum
586 3601 744 3666 numer0,
771 3576 864 3648 idem
876 3576 1059 3650 omnibus:
1081 3599 1194 3652 truces

34 3721 66 3764 a·
218 3701 252 3770 ὃ(
279 3697 414 3770 caerulei
443 3697 559 3785 oculi,
587 3696 694 3768 rutilae
724 3723 848 3785 comae,
875 3722 1002 3795 magna
1030 3723 1190 3794 corpora,

175 3865 178 3872 ν
219 3823 252 3898 &
269 3819 404 3894 tantiam
421 3819 465 3892 ad
483 3817 655 3915 impetum
678 3817 817 3892 valida:
846 3817 971 3892 laboris
987 3837 1093 3917 atque¹
1108 3842 1191 3916 ope-
