3120 4860
361 411 433 508 238
574 397 615 476 C.
647 383 916 504 Connutrr
945 391 1142 480 'Tnetrt

360 593 390 632 “
405 586 659 671 demoveretur,
678 585 720 655 ὃς
748 582 929 680 tragoedus
958 579 1151 656 succederet
1167 582 1203 654 :”
1233 567 1339 680 quid,

355 723 394 778 ut
417 704 454 775 N
456 727 515 774 ero
532 694 673 801 cithari,
702 702 750 775 ita
766 701 842 776 Piso
860 702 993 801 tragico
1009 719 1130 777 ornatu
1147 705 1308 776 canebat.

402 825 538 896 LXVI.
564 824 762 896 Curunuu
788 823 943 896 militaris
969 847 1109 922 qnoque
1126 815 1335 920 conspiratio¹

353 967 424 1017 non
452 935 543 1019 uitri
570 942 703 1034 fefellit,
728 947 877 1017 accensis
905 943 1078 1017 indicibus
1106 936 1151 1017 sd
1178 945 1332 1041 proden-

352 1063 441 1139 dum
469 1064 618 1142 Fenium
647 1063 799 1156 Rufum,
826 1091 932 1162 quem
956 1066 1122 1140 eumder'r't
1140 1063 1331 1154 conscium,

354 1191 389 1260 δι
417 1184 670 1284 inquisitorem,
701 1211 772 1258 non
793 1183 997 1264 tolerabant·
1058 1187 1157 1284 Ergo
1180 1183 1328 1274 instanti,

352 1305 598 1405 minitantique
638 1307 798 1381 renidens
839 1306 1034 1396 Seevinus,‘
1077 1313 1105 1348 “
1132 1301 1332 1380 neminem''

352 1427 401 1500 ait
438 1435 465 1472 “
483 1429 585 1526 plura
623 1426 704 1502 scire
739 1423 866 1525 quim·
888 1421 1038 1524 ipsum.'’
1087 1427 1333 1522 Hortaturque

353 1549 461 1638 ultr0,
500 1549 706 1620 “redderet
749 1567 820 1621 tam
861 1548 956 1619 bono
999 1546 1149 1641 Principi
1181 1539 1333 1620 vicem.''

351 1669 437 1741 Non
454 1693 527 1740 vox
544 1667 730 1739 adversum
756 1689 796 1738 ea
819 1665 942 1753 Feni0,
968 1692 1041 1738 nou
1056 1665 1249 1752 fiientium3
1272 1664 1333 1738 sed

350 1783 456 1859 verba
471 1782 530 1858 sua
547 1783 775 1882 praepediens,
808 1790 843 1856 sc
872 1784 1011 1880 pavoris
1037 1781 1251 1875 manifestus,
1273 1813 1335 1860 ce*

349 1904 509 2004 terisque,
546 1929 587 1979 ac
619 1903 773 1978 maxime
803 1905 967 1978 Cervario
998 1907 1161 1994 Proculo,
1196 1905 1333 2002 equite,

351 2027 396 2101 sd
412 2025 696 2100 convincendum
714 2051 796 2098 eum
814 2026 972 2116 connisrs,
991 2023 1084 2124 juffu
1105 2026 1334 2121 Imperatoris

350 2175 373 2222 a
396 2149 509 2220 Caffio
521 2146 646 2236 milite,
671 2145 731 2244 qui
749 2149 797 2219 ob
814 2146 944 2244 infigne
967 2144 1118 2245 corporis
1135 2149 1243 2248 robur
1267 2149 1331 2220 ad-

242 2249 245 2258 Ἰ
278 2273 281 2280 ’
350 2267 475 2372 stabat,
501 2267 699 2364 corripitur,
725 2265 957 2367 vinciturque.
1315 2351 1324 2360 ἱ

400 2391 554 2463 LXVII.
580 2390 679 2462 Mox
707 2389 913 2462 eorumdem
938 2389 1068 2463 indicio
1089 2375 1235 2464 Sdbrius
1247 2391 1329 2463 F1a=

351 2509 442 2598 vius,
476 2501 648 2598 tribunus,
676 2510 894 2606 pervertitur,
930 2504 1048 2607 primd
1077 2517 1103 2552 “
1121 2509 1329 2583 diffimilitua

352 2639 381 2676 “
399 2631 518 2704 dinem
537 2627 702 2706 morum’'
731 2631 774 2702 ad
792 2627 1026 2704 defenfiouem
1043 2632 1193 2720 trahens,
1219 2637 1245 2672 “
1262 2651 1327 2702 nea

351 2758 382 2794 “
398 2776 468 2850 que
485 2749 517 2823 se
535 2767 707 2822 armatum
731 2775 814 2826 cum
839 2751 1030 2825 inermibus
1059 2756 1093 2826 δι
1121 2749 1330 2826 effeminatis

350 2879 534 2944 “tantum
569 2867 703 2944 facinus
740 2861 1053 2946 consociaturum.”
1113 2871 1206 2963 Dein
1234 2872 1325 2969 post*

349 3015 457 3092 quam
485 2992 688 3090 urgebatur,
711 2990 926 3088 confeffionis
950 2993 1095 3092 gloriam
1125 2995 1323 3091 amplexus,
1342 3027 1346 3031 ·

349 3110 645 3210 interrogatusque
671 3137 691 3184 a
717 3113 874 3204 Nerone,
898 3113 1026 3212 quibus
1043 3119 1148 3190 cuusrs
1164 3116 1209 3188 ad
1235 3114 1344 3205 oblis

349 3216 491 3322 vionem
520 3231 720 3306 sacramenti
749 3236 974 3330 proceffiffet:
1025 3241 1054 3278 “
1077 3217 1232 3311 Oderam
1266 3227 1327 3308 te’¹

346 3350 474 3449 inquit,
504 3359 532 3394 “
550 3377 614 3425 nec
631 3352 815 3450 quisquam
832 3354 897 3428 tibi
915 3355 1050 3429 fidelior
1067 3357 1217 3432 militum
1241 3355 1323 3446 fuit,

348 3471 482 3546 “dum
510 3471 618 3546 amari
642 3473 816 3548 meruisti:
852 3473 961 3550 odiffe
989 3477 1112 3575 coepi,
1137 3478 1324 3575 postquam

347 3597 375 3638 ‘⁴
395 3591 565 3688 parricida
588 3593 706 3678 matris
724 3597 757 3666 &
773 3595 905 3687 uxoris,
933 3599 1111 3696 &aurigsn
1137 3601 1170 3669 &
1191 3593 1322 3686 histrio,
1337 3663 1372 3692 ,„

347 3719 375 3760 “
391 3716 425 3785 ὅτ
458 3710 683 3788 incendiarius
720 3716 913 3791 esstitistir’
972 3715 1050 3814 Ipsa
1074 3717 1173 3790 retuli
1198 3717 1322 3803 verba,

345 3833 427 3933 quia
455 3857 527 3906 non
549 3853 589 3906 ut
612 3835 764 3928 Senecae,
795 3837 936 3936 vulgata
964 3857 1083 3912 erant:
1117 3861 1181 3912 nec
1206 3829 1323 3910 mimis
