3006 4866
472 419 885 493 Garama.
1030 405 1036 420 ’
1098 437 1170 514 291

191 615 253 693 per
264 591 476 668 commercia
492 593 618 667 cultus.
670 593 817 692 Eligunt
837 591 937 683 feras,
968 589 1181 666 &detracta

188 716 363 804 ‚velamina
390 713 555 813 spargunt
572 714 716 792 maculis
733 711 947 812 pellibusque
961 712 1172 802 belluarum,

190 863 275 935 quas
303 837 456 911 exterior
468 838 643 927 Oceanus,
667 845 774 933 'atque
791 837 953 934 ignotum
981 857 1077 908 mare
1094 833 1173 930 gig·
1210 885 1212 890 2

190 958 254 1031 nit.
303 960 384 1031 Nec
411 957 498 1030 alius
527 955 664 1030 seminis
698 955 807 1054 quam
829 955 908 1029 viris
930 955 1081 1044 habitus,
1111 953 1174 1026 nili

191 1077 291 1176 qubd
326 1075 464 1156 semina
495 1067 620 1174 'saepius
660 1076 758 1150 lineis
791 1075 974 1148 amislibus
1001 1077 1172 1163 velantur,

191 1197 319 1297 eosque
348 1200 501 1296 purpurb
529 1199 674 1288 variant,
702 1180 913 1295 ¹partemque
945 1194 1086 1268 vestitsas
1119 1193 1175 1268 sua

180 1317 335 1416 perioris
365 1319 400 1390 in
433 1318 586 1394 manicas
618 1343 689 1392 non
721 1319 927 1407 extendunt,
961 1317 1065 1390 nudae
1098 1319 1191 1420 bra-¹
1279 1325 1281 1336 ’

193 1439 272 1512 chia
300 1465 340 1512 ac
361 1442 536 1542 lacertos:
571 1439 627 1513 sed
657 1444 691 1514 δι
725 1438 889 1537 proxima
918 1463 996 1535 pars
1029 1436 1177 1536 pesteris

193 1577 299 1657 patet.
1056 1553 1062 1568 ⁵

242 1682 385 1756 XVIII..
402 1685 648 1778 QJAMQJAM
682 1677 798 1754 severa
826 1678 897 1754 illic
929 1675 1175 1752 matrimonia:

194 1825 259 1874 nec
277 1803 387 1874 ullam
404 1827 546 1876 morum
568 1821 701 1898 partem
721 1801 832 1899 magis
849 1798 1066 1874 laudaveris:
1085 1826 1179 1876 ‚nam

195 1922 303 2020 prope
319 1920 382 1996 soli
408 1925 635 1997 barbarorum
660 1921 802 2020 singulis
830 1921 998 1994 uxoribus
1023 1920 1179 1994 contenti

192 2042 284 2133 sunt,
310 2042 465 2138 exceptis
482 2042 678 2114 admodum
698 2038 829 2134 paucis,
847 2039 997 2134 quinon
1019 2031 1179 2133 libidine,
1258 2045 1261 2054 '

192 2159 251 2236 sed
279 2165 326 2236 ob
361 2160 578 2234 nobilitatem
611 2155 769 2256 plurimis
802 2156 929 2254 nuptiis
968 2159 1201 2236 ambiuntur.'

193 2285 329 2360 Dotem
353 2307 425 2354 non
441 2304 530 2352 uxor
546 2278 683 2367 marito,
711 2278 768 2350 sed
791 2276 892 2352 uxori
909 2275 1051 2352 maritus
1066 2281 1179 2356 offert.

195 2399 365 2476 Intersunt
390 2420 547 2498 parentes
576 2405 610 2474 &
636 2398 836 2498 propinqui,
863 2424 903 2472 ac
929 2423 1076 2472 munera
1100 2426 1180 2498 pro·

139 2511 144 2528 ⁸
197 2525 308 2598 bant:
340 2545 487 2596 munera
503 2547 576 2594 non
592 2523 637 2594 ad
659 2520 802 2594 delicias
826 2518 1014 2594 muliebres
1027 2524 1180 2619 quaefita,

196 2669 262 2718 nec
288 2642 414 2742 quibu's
440 2669 533 2716 nova
556 2663 665 2740 nupta
693 2659 872 2728 comatur;
902 2640 961 2714 sed
989 2644 1112 2733 boves,
1144 2648 1179 2719 δι

195 2762 370 2839 frenatum
387 2790 534 2862 equum,
566 2767 597 2837 δι
616 2749 752 2838 scutum
770 2789 852 2836 curn
871 2759 1016 2854 frameal,
1044 2762 1178 2862 gladio-

197 2909 279 2981 que.
328 2887 370 2957 In
398 2886 473 2958 haec
503 2909 646 2958 munera
668 2909 759 2957 uxor
782 2873 965 2982 accipitur,
994 2904 1100 2983 atque
1125 2884 1180 2958 in·

197 3005 314 3078 vicem
344 3003 416 3102 ipsa
456 3031 634 3080 armorum
666 3005 798 3104 aliquid
818 3006 907 3079 *viro
935 3006 1044 3079 affert.
1094 3007 1181 3080 Hoc

198 3125 397 3234 maximum
414 3125 609 3218 vinculum,
639 3127 717 3200 haec
733 3153 858 3200 arcana
872 3112 979 3218 sacra,
1008 3127 1071 3198 hos
1096 3152 1180 3200 con·

192 3243 330 3345 jugales
347 3247 432 3320 deos
455 3246 672 3320 arbitrantur.
720 3251 778 3322 Ne
794 3247 828 3322 se
840 3247 971 3322 ‘mulier
988 3268 1087 3322 extra
1111 3248 1187 3333 vir-⁴

199 3385 317 3440 tutum
326 3367 576 3466 cogitationes,
602 3354 770 3468 extraque
800 3358 972 3444 bellorum
995 3368 1089 3442 casus
1114 3397 1181 3468 pu·
1251 3467 1255 3474 ¹

198 3507 259 3580 tet,
294 3488 372 3586 ipsis
400 3487 596 3586 incipientis
626 3491 838 3565 matrimonii
872 3490 1027 3590 auspiciis
1056 3493 1181 3565 admo-

199 3630 311 3700 netur,
339 3610 455 3683 venire
482 3608 514 3682 se
532 3611 690 3684 laborum
708 3611 1015 3710 periculorumque
1039 3610 1182 3704 sociam,

193 3728 292 3841 idem
311 3725 357 3803 'in
374 3757 471 3829 pace,
502 3731 596 3805 idem
622 3731 658 3804 in
676 3733 798 3830 proelio
823 3735 993 3831 passuram
1009 3734 1183 3808 ausuram·
1235 3778 1239 3788 =

202 3874 296 3946 que:
322 3854 389 3929 hoc
411 3852 525 3953 junsti
552 3854 673 3941 boves,
703 3855 771 3927 hoc
796 3874 933 3953 paratus
960 3879 1084 3953 equus,
1114 3854 1185 3926 hoc

662 3973 700 4046 U
727 3994 746 4045 a
