3120 4860
367 362 434 434 266
495 421 500 428 .
554 358 593 427 C.
634 337 897 428 cossam
939 352 1139 431 Tncrat

367 535 394 572 ‘⁴
411 529 635 615 Montanum,
680 527 877 600 detestanda
909 527 1060 616 carmina
1103 526 1338 616 saditantem,

364 654 391 690 “
406 643 541 718 eludere
558 642 701 744 impune
714 651 867 721 finerent.
918 647 1109 744 Requirere
1121 646 1154 720 se
1165 646 1200 719 in
1213 645 1336 718 senatu

361 772 387 812 “
403 761 633 855 consularem,
658 767 693 839 in
710 768 796 842 votis
814 767 1040 858 sacerdotem,
1063 767 1098 840 in
1109 765 1334 864 jurejurando

356 893 383 928 “
400 883 540 960 civem:
571 887 645 977 nist,
664 909 783 962 contra
799 887 1000 962 instituta&
1026 886 1239 982 carimonias
1255 912 1329 980 ma-

358 1013 385 1047 “
398 1003 532 1104 jurum,
568 1009 781 1106 proditorem
808 1011 921 1106 palam
951 1012 984 1082 δι
1019 1007 1154 1081 hostem
1181 1005 1330 1079 Thrasea
1365 1007 1369 1022 '

356 1129 384 1167 “
403 1125 576 1200 induisset.
626 1129 789 1228 Denique
818 1156 918 1228 agere
946 1129 1150 1218 senatorem,
1176 1133 1209 1201 δι
1230 1125 1329 1198 Prin.

357 1245 491 1344 “cipis
519 1251 763 1324 obtreslatores
805 1271 987 1350 protegere
1015 1250 1145 1339 solitus,
1187 1246 1329 1336 veniret,

357 1367 553 1444 “censeret
575 1369 660 1467 quid
685 1371 823 1468 corrigi,
853 1391 911 1443 aut
935 1371 1057 1444 mutari
1086 1371 1215 1443 vellet:
1244 1365 1330 1439 sacis

250 1517 256 1528 ·
357 1497 385 1532 “
404 1491 469 1568 libs
486 1490 670 1586 perlaturos
688 1492 818 1584 singula
834 1489 1084 1586 increpantem,
1109 1490 1217 1586 quam
1233 1513 1327 1560 nunc

357 1608 572 1679 “silentium
598 1604 782 1700 perferrent
808 1607 925 1680 omnia
947 1607 1155 1682 damnantis.
1204 1610 1333 1680 Pacem

356 1725 449 1796 “illi
474 1749 535 1819 per
563 1726 682 1798 orbem
711 1745 823 1811 terra,
853 1751 897 1796 an
921 1726 1079 1800 viftorias
1106 1731 1174 1800 fine
1198 1729 1334 1800 damno
1430 1702 1435 1715 ι

356 1842 620 1920 “exercituum
653 1841 856 1939 displicere?
923 1847 984 1918 Ne
1014 1845 1194 1918 hominem
1229 1848 1336 1920 bonis

354 1971 382 2056 ‘f
402 1963 552 2060 publicis
576 1963 749 2050 maestum,
781 1964 893 2064 &qui
917 1964 1003 2057 fora,
1032 1969 1176 2056 theatra,
1198 1969 1336 2063 templa

354 2093 380 2128 “
402 2110 467 2182 pro
482 2083 665 2162 solitudine
680 2087 834 2174 haberet,
858 2085 919 2184 qui
935 2085 1151 2160 minitaretur
1173 2087 1333 2160 exsilium

354 2214 382 2248 “
402 2205 514 2296 suum,
557 2205 756 2280 ambitionis
789 2232 903 2303 pravae
934 2227 1139 2304 compotem
1171 2205 1331 2280 facerent.

356 2330 489 2400 “Non
521 2327 571 2400 illi
604 2325 756 2400 consulta
785 2329 874 2416 haec,
908 2353 980 2402 non
1008 2327 1238 2426 magistratus,
1270 2346 1330 2400 aut

357 2453 604 2522 “Romanam
630 2449 752 2522 urbem
784 2447 906 2520 videri.
957 2449 1194 2544 Abrumperet
1222 2447 1330 2520 vitam

356 2571 447 2641 “ab
476 2569 516 2642 eal
543 2565 697 2656 civitate,
726 2565 825 2664 ,cujus
850 2566 1028 2645 caritatem
1050 2567 1150 2658 olim,
1176 2593 1268 2666 nunc
1292 2572 1329 2640 ὅτ

356 2698 383 2734 “
400 2689 575 2786 aspestum
593 2687 770 2761 exuisset.”

401 2811 540 2884 XXIX.
565 2809 658 2882 Cum
678 2833 737 2906 per
761 2810 835 2882 hac
849 2828 953 2908 atque
970 2808 1050 2884 talia
1067 2809 1267 2897 Marcellus,
1286 2830 1331 2885 ut

353 2952 425 3004 erat
442 2951 558 3004 torvus
576 2933 608 3002 u
628 2929 759 3018 minant,
786 2955 887 3020 voce,
918 2931 1032 3020 vultu,
1050 2928 1158 3004 oculis
1174 2926 1275 3026 ardes
1313 2976 1328 2989 -

352 3075 428 3139 ret3
471 3077 543 3124 non
577 3049 634 3121 illa
667 3069 762 3136 nota,
794 3053 827 3122 δι
862 3049 1059 3124 celebritate
1093 3049 1328 3146 periculorum

350 3172 445 3244 sueta
459 3168 564 3265 jam„
580 3168 714 3242 senatbs
744 3169 914 3262 maestitia,
945 3168 1007 3243 ‘sed
1034 3173 1199 3242 novus&
1230 3148 1329 3244 altior

354 3315 476 3388 pavor,
507 3314 630 3361 manus
649 3290 765 3362 &tela
787 3289 938 3364 militum
956 3289 1195 3364 cernentibus:
1228 3291 1328 3362 srmul

351 3413 453 3508 ipsius
477 3409 638 3482 Thraseae
666 3409 868 3482 venerabilis
897 3409 1025 3506 species
1053 3409 1323 3484 obversabatur>

352 3538 386 3606 dr
405 3551 498 3604 erant
520 3529 580 3626 qui
600 3538 626 3572 “
647 3528 857 3603 Helvidium
881 3532 1045 3627 quoque''
1073 3527 1324 3620 miserarentur,

352 3662 378 3704 “
398 3649 549 3724 innoxiae
586 3649 769 3722 adfinitatis
811 3677 948 3748 pennas,
974 3651 1151 3722 daturum.
1223 3649 1324 3744 Qud

354 3768 599 3871 “Agrippino
627 3767 816 3866 objedum,
844 3771 904 3886 nisi
928 3769 1058 3852 tristem
1084 3768 1187 3868 patris
1211 3765 1324 3852 sortu-
