3120 4860
990 279 996 310 l

350 373 424 450 234
541 350 583 424 C.
623 347 889 425 Conuatrr
932 347 1134 466 Taeter

350 529 378 570 “
395 526 542 598 ducere:
581 521 737 596 ceterltm
767 521 913 597 salutent
950 520 1045 598 suam
1081 522 1332 602 incolumitate

351 641 528 716 “Pisonis
557 639 696 716 inniti.”
745 645 840 718 Haec
867 643 953 718 ferre
974 644 1125 718 Granius
1154 645 1332 736 Silvanus,

347 761 506 840 tribunus
524 763 693 862 praetoria
710 764 878 854 cohortis,
905 769 954 855 δι,
983 771 1010 806 “
1035 791 1080 838 an
1092 767 1188 840 'dieta
1213 767 1329 842 Nata·

347 889 375 928 “
392 881 448 975 lis,
479 884 608 984 suaque
632 883 789 984 responsa
805 883 1000 975 nosceret,”
1031 885 1243 983 percunelari
1266 887 1328 960 Se·

346 1029 471 1080 necarn
490 1002 660 1104 jubetur.'
694 1009 742 1098 Is,
776 1004 878 1095 forte,
909 1033 961 1080 an
982 1009 1146 1104 prudens,
1175 1005 1218 1078 ad
1244 1015 1328 1080 eum

347 1125 444 1202 diem
461 1153 506 1202 ex
524 1127 718 1226 Campania
735 1146 960 1216 remeaverat,
986 1148 1219 1224 quartumque
1234 1128 1330 1223 apud

307 1251 315 1258 '
349 1247 520 1347 lapidem,
545 1247 744 1326 suburbano
773 1274 865 1338 rure,
894 1246 1095 1321 substiterat.
1145 1246 1327 1344 1116,th-

349 1369 484 1470 pinqul
501 1367 655 1466 vespert,
688 1369 849 1443 tribunus
881 1369 989 1458 venit,
1013 1369 1185 1442 &villam
1215 1366 1330 1466 globis

349 1489 502 1566 militum
519 1489 628 1588 sepfit.
677 1491 774 1560 Turn
798 1490 874 1584 ipfi,
900 1515 983 1561 cunt
1008 1488 1175 1584 Pompeio
1198 1486 1329 1562 Paulli·

348 1613 395 1688 ul
412 1633 524 1692 uxore
543 1613 576 1680 lc
593 1607 713 1682 amicis
731 1610 868 1681 duobus
885 1608 1053 1705 epulanti,
1071 1609 1236 1684 mandata
1253 1609 1326 1682 lm*

348 1725 517 1830 peratoris
542 1725 663 1797 edidit.

396 1847 499 1924 Lxl.
524 1846 696 1936 Senecn,
722 1853 750 1889 ‘⁶
768 1847 907 1920 millum
926 1847 1020 1921 adse
1044 1847 1223 1956 Natalem,
1239 1873 1331 1920 con·

349 1974 377 2016 “
398 1965 630 2064 questumque
658 1967 802 2042 nomine
827 1967 973 2058 Pisonis,
1008 1967 1106 2066 qnbd
1137 1993 1158 2042 a
1185 1967 1334 2044 visendo

348 2093 377 2132 “
396 2113 440 2162 eo
462 2085 721 2185 prohiberetur,
740 2087 844 2186 seque
861 2089 1030 2170 rationem
1053 2088 1260 2165 valetudinis
1294 2093 1329 2172 δι

350 2214 379 2252 “
398 2233 556 2286 amorem
574 2207 696 2306 quietis
713 2207 965 2300 exctrsaviffe,'’
990 2207 1178 2307 respondit.
1214 2217 1242 2254 “
1256 2210 1332 2292 Cur

351 2336 379 2376 “
399 2327 542 2404 salutern
559 2329 683 2428 privati
707 2330 859 2405 hominis
883 2330 1116 2412 incolumitati
1141 2329 1208 2406 suae
1233 2351 1329 2404 ante·

351 2459 379 2496 “
397 2450 510 2540 ferret,
530 2448 666 2524 causam
684 2477 754 2524 non
771 2450 944 2526 babuiss'e:
966 2478 1030 2533 nec
1049 2452 1109 2526 fibi
1124 2473 1329 2551 promptum

350 2569 437 2644 “in
469 2569 683 2650 adulationes
712 2570 906 2670 ingenium.
956 2573 1069 2670 quue
1099 2573 1187 2651 nulli
1217 2572 1330 2671 tnagis

349 2697 379 2736 “
398 2717 560 2789 gnarum,
583 2690 692 2788 qubm
720 2692 871 2782 Neroni,
899 2692 959 2791 qui
987 2693 1109 2791 sapius
1134 2693 1345 2789 libertatem.

350 2820 379 2864 ·“
397 2815 547 2902 Seneca,
574 2812 681 2910 qulam
706 2809 884 2887 servitium
902 2834 1065 2912 expertus
1082 2817 1201 2892 effet.''
1249 2815 1328 2892 Ubi

350 2935 427 3009 haec
455 2959 476 3008 a
503 2933 641 3008 tribuno
658 2935 764 3006 relata
790 2933 882 3026 sunt,
916 2938 1068 3032 Poppaea
1092 2939 1125 3008 δι
1149 2937 1331 3036 Tigellino

348 3081 483 3146 coram,
514 3055 611 3152 quod
628 3075 699 3127 etat
716 3053 869 3129 saevienti
885 3055 1039 3154 Principi
1063 3055 1228 3130 intimum
1244 3083 1330 3132 eon-

197 3164 200 3172 ’
302 3276 305 3286 ¹
350 3175 519 3266 filiorum,
556 3175 759 3275 interrogat,
803 3184 829 3219 “
856 3203 901 3250 an
936 3179 1066 3252 Seneca
1098 3178 1330 3260 voluntariam

351 3302 549 3370 “mortem
592 3299 786 3394 pararet?”
830 3299 928 3371 Tum
973 3297 1144 3390 tribunus,
1181 3307 1209 3342 “
1233 3300 1331 3380 nulla

351 3422 380 3458 “
344 3414 536 3513 pavoris
565 3421 585 3490 s
577 3441 671 3516 gna
698 3417 783 3490 nihil
811 3418 946 3492 triste
936 3445 971 3492 1n
1001 3420 1114 3494 verbis
1143 3417 1228 3516 ejus,
1267 3438 1330 3490 aut
1405 3403 1411 3418 “

349 3543 380 3586 ·“
399 3539 474 3622 vult
461 3557 513 3629 tu,
531 3537 811 3635 deprehensum’'
835 3539 1067 3614 confirmavit.
1101 3543 1214 3637 Ergo,
1233 3544 1260 3580 “
1274 3563 1327 3610 re

351 3664 379 3700 “
399 3657 513 3756 gredi,
549 3663 583 3732 &
614 3659 766 3734 indicere
796 3662 959 3734 mottem’
963 3659 1143 3759 ’jubetun
1201 3658 1330 3740 Tradit

341 3776 478 3860 Fabius
501 3779 678 3870 Rusticus,
709 3785 736 3822 “
750 3805 822 3854 non
848 3806 905 3872 eo,
932 3807 1005 3884 quo
1031 3798 1184 3872 venerat,
1208 3777 1331 3862 itinero
