3076 4868
332 361 381 455 48
564 361 605 434 C.
637 361 910 439 Conna-art
943 365 1142 452 Tncr'rr

330 525 402 624 ma,
443 533 673 628 munimenta,
707 538 880 636 impediti,
908 542 965 613 vel
988 539 1191 630 eminentes,
1223 540 1307 631 Ioci,

330 653 515 753 amnesque
542 660 575 730 ὅτ
597 661 697 742 urbes
706 657 810 758 juxta
827 679 1147 759 perrumperentur.
1197 659 1310 757 Igitur

328 775 500 868 Zorsrnes,
530 777 592 852 diu
625 784 789 877 pensitato
823 779 1082 872 Mithridatisne
1110 782 1213 853 rebus
1246 803 1333 852 ext

326 895 457 986 tremis,
500 925 544 972 an
581 901 691 997 patrio
723 887 834 1001 regno
875 902 1084 988 consulerem
1121 899 1307 998 postquam

326 1017 508 1116 praevaluit
533 1019 669 1117 gentilis
702 1023 844 1114 utilitas,
875 1022 963 1096 datis
989 1021 1180 1110 obfidibus,
1210 1021 1307 1117 apud

325 1136 477 1237 effigiem
495 1139 637 1216 Caesaris
654 1143 853 1240 procubuit,
867 1146 995 1243 magna
1013 1142 1120 1244 glorias
1136 1139 1307 1214 exercitfis

325 1259 495 1351 Romani,
526 1287 634 1358 quem
668 1256 890 1339 incruentum
921 1269 955 1338 δι
983 1263 1166 1353 vidoram,
1201 1251 1318 1334 tridui

169 1421 173 1428 ·
288 1389 294 1402 ⁸
322 1379 441 1455 itinere
467 1379 610 1456 abfuisse
634 1369 679 1456 ab
701 1411 804 1456 amne
827 1385 940 1457 Tanai
962 1383 1126 1458 constitit.
1176 1383 1243 1456 Sed
1267 1381 1305 1454 in

322 1503 474 1600 regressu
501 1501 616 1598 dispar
643 1502 780 1575 fortuna
808 1501 873 1574 fuit
885 1531 897 1588 ;
922 1501 1005 1600 quia
1032 1501 1175 1576 navium
1204 1501 1304 1598 quas·

321 1621 419 1710 dam,
454 1647 532 1718 quae
556 1622 641 1693 mari
669 1624 884 1711 remeabant,
910 1621 947 1694 in
979 1621 1081 1694 Iitora
1104 1621 1305 1706 Taurorum
1385 1686 1388 1700 .

322 1740 451 1814 delatas
480 1735 738 1815 circumvenere
763 1742 913 1832 barbari,
945 1739 1107 1840 praefetto
1134 1741 1301 1834 cohortis,

322 1865 356 1935 δι
380 1859 549 1959 plerisque
573 1863 813 1936 centurionum
838 1861 1036 1937 intersedis.
1278 1956 1281 1965 Ι

331 1996 333 2006 “
368 1965 501 2055 XVIII.
526 1985 977 2075 IurunanfMithridates,
1003 1985 1101 2058 nullo
1132 1984 1169 2058 in
1198 1982 1302 2061 armis

317 2100 479 2194 subfidi0,
497 2103 665 2179 consultat
678 2103 776 2203 cujus
791 2103 1060 2180 misericordiam
1076 2104 1303 2204 experiretur.

317 2224 438 2298 Frater
452 2225 576 2322 Cotys,
595 2227 752 2324 proditor
768 2227 868 2319 olim,
885 2227 1012 2300 deinde
1027 2225 1146 2317 hostis,
1164 2243 1299 2299 metue-

318 2344 431 2420 batur.
481 2350 725 2432 Romanorum
749 2361 858 2418 nemo¹
882 2347 920 2419 id
936 2346 1146 2424 auctoritatis
1164 2347 1298 2437 aderat,

318 2486 357 2537 ut
381 2463 541 2562 promiffa
564 2462 635 2560 ejus
659 2463 778 2560 magni
802 2467 1047 2560 penderentur.
1098 2470 1159 2541 Ad
1177 2471 1298 2540 Euno-

316 2609 385 2658 nen
402 2580 584 2672 convertit,
616 2581 763 2680 propriis
777 2582 868 2656 ‘odiis
891 2609 963 2656 non
978 2583 1173 2674 insensum,
1194 2587 1227 2657 ἃ
1245 2610 1298 2658 re·

256 2739 263 2748 ·
316 2699 398 2778 cens
415 2698 599 2797 conjuncte
615 2699 797 2777 nobiscum
814 2702 987 2794 amicitie,
1001 2703 1170 2778 validum.
1222 2685 1295 2803 Igi-

245 2886 247 2899 .
314 2843 372 2895 tur
386 2822 497 2915 cultu,
527 2827 699 2924 vultuque
723 2824 830 2924 quim
857 2822 1011 2898 maxime
1029 2825 1075 2898 ad
1091 2823 1297 2922 praesentem

313 2943 488 3020 fortunam
504 2965 716 3043 comparato,
742 2945 879 3046 regiam
895 2945 1101 3046 ingreditur,
1134 2944 1294 3045 genibus·

313 3091 382 3164 que
398 3061 470 3163 ejus
488 3068 706 3163 provolutus,
723 3074 750 3110 “
762 3066 1022 3158 Mithridates,''
1031 3065 1159 3165 inquit,
1179 3074 1208 3112 “
1226 3085 1295 3140 ter·

313 3193 341 3232 “
357 3188 393 3262 rt
425 3185 580 3284 marique
613 3187 784 3260 Romanis
808 3213 870 3284 per
897 3208 950 3262 tot
977 3214 1086 3263 annos
1116 3191 1290 3288 quaefitus,
1323 3189 1326 3198 “

310 3305 474 3406 “sponte
496 3305 627 3381 adsum.
677 3310 802 3398 Utere,
832 3328 871 3382 ut
900 3311 1011 3400 voles,
1038 3311 1135 3408 prole
1167 3308 1290 3412 magni

196 3466 204 3477 ,
310 3436 338 3483 ‘⁴
356 3426 593 3518 Achaemenis,
617 3429 714 3526 q'uod
743 3426 829 3501 mihi
855 3427 967 3504 solum
990 3429 1106 3506 hostes
1125 3452 1197 3501 non
1224 3429 1289 3502 ab·
1322 3473 1325 3479 ·

314 3556 343 3603 s‘
361 3550 565 3623 stulerunt.’'

358 3671 461 3746 XIX.
488 3673 548 3743 Ar
570 3671 759 3742 Eunones
775 3670 983 3745 claritudine
999 3667 1078 3760 viri,
1100 3667 1291 3749 mutatione
1367 3735 1369 3742 .

309 3815 439 3885 aarum,
465 3795 499 3880 ὃς
516 3815 617 3904 prece
632 3791 725 3877 haud
741 3792 914 3892 degenere
930 3809 1124 3894 permotus,
1149 3791 1289 3868 adlevat
1311 3831 1316 3836 ·
