3120 4860
386 403 459 482 254
601 345 1172 453 C.Contrtt11Tnctrt

386 563 414 598 “
430 547 588 626 retineri’'
609 550 723 650 jubet.
773 551 878 626 Tunc
895 554 1021 626 eodem
1044 554 1079 626 in
1095 547 1279 643 cubiculo,
1317 563 1394 623 eoa
1501 549 1502 560 ’

381 674 461 746 dem
474 669 562 744 ferro
572 671 776 746 abscindunt
794 676 911 762 venas,
933 669 1151 770 properique,
1166 675 1198 743 bc
1217 671 1394 767 fingulie

381 790 530 864 vestibus
548 794 593 865 ad
605 794 852 868 verecundiam
864 792 980 882 velati,
996 789 1126 865 balneis
1144 789 1387 862 inferunturr

382 929 478 1008 pater
495 911 617 1002 filiam,
637 885 882 1011 avia'neptem‚
901 913 960 986 illa
976 910 1138 1008 utrosque
1154 910 1318 998 intuens,
1346 909 1387 982 δε

378 1032 532 1106 certatim
546 1055 722 1130 precantes
733 1044 760 1077 “
771 1035 898 1110 labenti
912 1035 1035 1108 animae
1049 1033 1196 1107 celerem
1209 1030 1382 1120 exitum,

381 1159 409 1195 ‘⁶
427 1173 466 1226 ut
495 1154 726 1253 relinquerent
753 1153 829 1228 suos
856 1149 1048 1253 superstites
1076 1157 1110 1227 br
1137 1146 1383 1226 morituros-'¹

381 1274 608 1372 servavitque
631 1275 786 1350 ordinem
814 1275 976 1350 fortuna:
1009 1283 1036 1318 “
1055 1299 1096 1347 ac
1121 1271 1232 1346 senior
1249 1273 1378 1372 prius,

380 1401 409 1438 ‘⁴
425 1409 503 1468 tum
528 1395 587 1468 cui
610 1397 722 1492 prima
745 1415 840 1486 aetas,
866 1396 1141 1493 exstinguuntur.
1192 1393 1374 1482 Accusati

381 1520 410 1559 “
428 1517 503 1613 post
519 1516 727 1613 sepulturam
743 1545 754 1601 ;
786 1517 1049 1611 decretumque,
1079 1533 1117 1586 ut
1135 1537 1236 1586 more.
1248 1511 1375 1612 majo⁴

381 1643 411 1678 “
427 1659 504 1710 rum
522 1635 760 1731 punirentur.'’
810 1640 857 1708 Et
874 1637 969 1706 Nero
992 1635 1188 1722 intercelirt,
1207 1653 1374 1710 mortem

379 1755 448 1826 fine
463 1753 592 1826 arbitro
606 1753 826 1849 permittens:
848 1777 900 1842 ea,
918 1753 1070 1825 caedibus
1086 1753 1245 1850 postelis,
1264 1753 1372 1827 ludi..

377 1871 452 1947 bria
471 1869 730 1968 adjiciebantur.
769 1873 774 1888 '

428 1993 512 2068 XII.
537 1995 578 2066 P.
595 1997 775 2082 Gaurus,
794 2017 897 2090 eques
915 1995 1113 2082 Romanus,
1134 1991 1231 2090 quod
1246 1993 1373 2068 Fenio

376 2113 478 2190 Rufo
494 2114 653 2204 intimus,
680 2119 713 2188 &
733 2113 849 2186 Veteri
873 2137 944 2186 non
961 2113 1090 2186 alienus
1109 2111 1234 2203 fuerat,
1263 2111 1366 2212 aqua

378 2255 483 2334 atque
510 2233 585 2333 igni
611 2233 807 2332 prohibitus
834 2234 893 2307 est.
943 2233 1090 2307 Liberto
1114 2239 1146 2308 δι
1170 2231 1364 2308 accusatori

378 2357 560 2456 praemium
589 2379 720 2453 operae,
750 2356 847 2428 locus
881 2354 916 2426 in
939 2357 1070 2428 theatro
1093 2355 1183 2428 inter
1209 2354 1362 2428 viatores

378 2477 581 2553 tribunicios
596 2477 710 2550 datur.
760 2478 806 2548 Et
826 2479 961 2566 menfis,
979 2475 1230 2573 quiAprilem,
1256 2501 1360 2549 eum·

376 2597 530 2697 demque
556 2597 728 2670 Neroneum
756 2593 970 2693 sequebatur,
990 2595 1108 2668 Maius
1134 2597 1267 2684 Claudii,
1287 2599 1357 2690 Ju-

377 2719 456 2793 nius
483 2718 672 2806 Germanici,
704 2706 885 2790 'vocabulis
913 2735 1116 2792 mutantur:
1154 2713 1357 2790 testificante

377 2839 542 2914 Cornelio
570 2837 732 2938 Orphito‚
763 2833 889 2934 quiid
919 2835 1104 2927 censuerat,
1134 2837 1259 2908 “ideo
1290 2838 1356 2932 Ju-

381 2967 408 3004 “
427 2959 526 3036 nium
543 2958 696 3034 mensem
713 2955 956 3046 transmissum,
987 2956 1069 3056 quia
1084 2957 1157 3030 duo
1170 2953 1246 3054 jatn
1261 2957 1353 3047 Tor-

378 3087 405 3123 ’“
425 3082 535 3179 quati,
570 3083 617 3154 ob
645 3078 767 3153 scelera
795 3075 975 3169 interfecti,
1005 3077 1193 3152 infaustum
1221 3100 1351 3150 nomen

378 3208 405 3246 ‘⁶
423 3201 572 3296 Junium
590 3195 778 3272 fecissent.”

423 3323 524 3394 XIII.
549 3321 636 3392 Tor
655 3315 862 3394 facinoribus
879 3317 1015 3392 foedum
1032 3341 1163 3393 annum
1181 3319 1285 3393 etiam
1301 3315 1349 3390 dii

372 3424 682 3538 tempestatibus&
699 3437 831 3512 morbis
843 3439 1058 3538 insignivere.
1098 3437 1234 3514 Vastata
1245 3442 1348 3514 Cam·

375 3560 477 3658 panio
500 3562 640 3636 turbine
658 3579 856 3651 ventorum,
886 3560 945 3658 qui
967 3557 1079 3652 villas,
1098 3560 1246 3650 arbusta,
1277 3559 1347 3634 fro¹

376 3707 436 3780 ges
458 3685 576 3778 puffim
599 3665 755 3780 diajecit3
786 3681 997 3779 pertulitque
1015 3679 1214 3754 violentiam
1231 3679 1276 3749 ad
1294 3677 1345 3750 vi·

375 3801 453 3878 cina
479 3799 595 3884 Urbi:
633 3802 669 3876 in
700 3805 768 3900 qual
796 3827 902 3878 omne
931 3801 1129 3878 mortalium
1155 3825 1263 3898 genus
1294 3797 1345 3872 vir
