3120 4860
343 361 417 436 206
535 359 577 432 C.
606 357 883 428 -Connnnu
927 355 1130 440 Tncrrr

343 532 541 629 Rursusque
557 551 686 606 exorta
703 531 932 622 adulationes,
958 529 1170 606 censentium
1199 537 1229 574 ‘⁴
1254 534 1322 606 ho·

343 662 371 698 “
387 637 516 726 norem
543 652 650 744 divae,
682 659 715 727 az
746 651 924 751 pulvinar,
943 655 1125 750 aedetnque
1155 651 1323 728 &sacerz

342 779 370 816 “
384 773 543 847 dotem.”
594 779 715 872 Atque
743 772 816 870 ipse
843 793 883 847 ut
912 773 1052 865 laetitiae,
1088 773 1138 848 ita
1166 774 1324 858 maeroris

338 891 551 970 immodicus
579 895 665 995 egit.
731 896 954 969 Adnotatum
982 894 1045 986 est,
1074 894 1173 968 omni
1204 879 1325 968 senat'u

340 1015 494 1090 Antium
520 1015 582 1092 sub
611 1037 786 1090 recentem
815 1036 955 1116 partum
981 998 1102 1108 effuso,
1131 1001 1347 1088 Thraseam

339 1135 572 1234 prohibitum,
605 1137 755 1212 immoto
776 1137 909 1229 anim0,
940 1136 1176 1236 praenuntiam
1204 1136 1347 1214 immi-'

339 1258 453 1333 nentis
496 1259 602 1334 caedis
632 1243 882 1334 contumeliam
912 1261 1095 1357 excepisse.
1160 1261 1323 1334 Secutam

339 1379 469 1472 dehinc
499 1407 624 1456 vocem
654 1379 793 1456 Caesaris
824 1380 953 1471 serunt,
981 1383 1049 1478 qud
1076 1385 1103 1464 ‘,‘
1123 1379 1325 1454 reconcilia-

341 1508 369 1545 “
388 1521 465 1576 turn
498 1502 531 1576 se
559 1502 760 1591 Thraseae,'’
794 1502 889 1596 apud
928 1504 1096 1574 Senecam
1127 1497 1325 1598 jactaverit,

340 1648 382 1696 ac
416 1625 582 1696 Senecam
616 1619 740 1694 Caesari
773 1621 998 1716 gratulatum.
1064 1622 1173 1696 Unde
1214 1623 1330 1721 gloria

285 1813 291 1818 .
340 1740 491 1839 egregiis
517 1739 626 1835 viris,
643 1743 677 1812 a
703 1739 856 1835 pericula
883 1738 1083 1837 gliscebant.

403 1861 558 1938 XXIV.
581 1862 706 1933 sarran
739 1871 836 1958 'quae‚
872 1859 961 1934 veris
993 1859 1180 1970 principio,
1217 1865 1328 1962 legati
1429 1917 1433 1926 ,

340 1982 549 2055 Parthorum
567 1981 731 2054 mandata
748 1980 839 2079 regis
856 1982 1052 2079 Vologesis,
1078 1980 1260 2080 literasque
1279 1984 1328 2060 in

340 2104 504 2177 eamdem
522 2099 672 2176 sormam
687 2103 855 2176 attuldre:
883 2109 911 2145 “
925 2104 967 2175 Se
990 2102 1115 2200 priora,
1149 2103 1327 2179 &totiens

342 2221 511 2322 “jadata
538 2223 640 2320 super
667 2206 859 2297 obtinenda
893 2223 1074 2316 Armenia,
1100 2248 1193 2298 nunc
1217 2224 1328 2298 omit-.

330 2350 373 2388 ·“
392 2365 477 2435 tere,
505 2346 672 2442 quoniam
690 2342 753 2433 dii,
781 2343 941 2442 quamvis
959 2344 1156 2442 potentium
1173 2347 1325 2443 populo-

343 2473 371 2510 “
389 2491 468 2540 rum
492 2462 626 2553 arbitri,
657 2451 1069 2562 polseffioncm'Parthis,
1088 2493 1159 2540 non
1177 2469 1246 2540 fine
1269 2467 1326 2566 ig·
1396 2481 1401 2484 ’

344 2594 371 2631 “
389 2584 546 2660 nominid
563 2588 739 2676 Romanas,
758 2586 1002 2666 tradidissent..
1031 2585 1155 2685 Nuper
1170 2587 1327 2662 clausum
1428 2637 1431 2645 ,

129 2794 131 2808 μ
238 2738 243 2755 ·
284 2771 286 2774 .
343 2715 371 2751 “
389 2708 593 2807 Tigranem
620 2705 698 2803 pbst
716 2709 855 2782 Paetum
879 2707 1117 2808 legionesque,
1145 2709 1228 2782 crim
1256 2734 1325 2807 op·

343 2836 372 2872 “
390 2828 539 2926 primere
558 2827 682 2924 posset,
712 2827 906 2904 incolumes
923 2829 1096 2904 dimififfe.
1146 2829 1232 2904 Satis
1260 2831 1324 2904 ad·
1399 2899 1403 2904 .

344 2951 571 3056 “probatam
599 2947 697 3022 vim:
726 2951 851 3061 datum
873 2955 907 3024 dc
937 2951 1086 3026 lenitatis
1102 2952 1325 3050 experimen-

343 3077 372 3114 “
392 3090 479 3144 tum.
509 3076 514 3082 '
539 3070 618 3142 Nec
646 3071 889 3146 recusaturum¹
907 3072 1088 3148 Tiridaten
1119 3073 1328 3172 accipiendo

343 3197 371 3232 “
389 3188 578 3264 diademati
594 3188 630 3264 in
648 3193 788 3266 Urbem
806 3192 937 3285 venire,
958 3177 1018 3268 nist
1044 3193 1223 3270 sacerdotii
1246 3194 1325 3268 reli·
1408 3181 1413 3196 ⁴

343 3317 371 3353 “
391 3309 496 3408 gione
523 3309 738 3386 attineretur.
788 3315 923 3388 Iturum
950 3315 1107 3413 adsigna
1135 3321 1169 3390 ac
1193 3316 1325 3412 effigies

343 3439 371 3474 “
391 3429 578 3528 Principis,
602 3432 678 3524 ubi,
702 3432 899 3532 legionibus
928 3461 1063 3528 coram,
1092 3461 1242 3533 regnum
1261 3461 1324 3510 au-

342 3559 370 3613 ‘⁴
385 3549 609 3648 spicaretur.’'

281 3751 284 3759 ,
313 3727 316 3742 ,
391 3675 509 3748 XXV.
542 3675 723 3758 Taunus
747 3677 926 3776 Vologesis
951 3678 1069 3768 literis,
1097 3673 1179 3774 quia
1205 3677 1327 3752 Paetus

342 3790 487 3888 diversa,
510 3815 692 3899 tamquam
708 3799 808 3884 rebus
825 3796 980 3900 integris,
1004 3797 1187 3888 scribebat,
1215 3793 1328 3900 intem
1435 3821 1440 3838 ¹

518 4029 522 4060 l
