3126 4864
442 387 746 473 Arruntium
778 398 892 472 Lrs.
915 397 1014 471 XIII.
1203 421 1248 497 9³

273 573 427 667 duceret,
447 578 566 675 pardre
580 573 671 675 jussi.
721 575 789 648 Sed
816 574 929 648 studia
948 599 1071 648 eorum
1100 573 1136 647 in
1160 576 1249 650 Cor·

172 783 175 794 .
273 699 441 772 bulonem
471 695 688 795 promptiora
715 715 837 767 erant:
871 691 947 794 qui,
971 715 1010 770 ut
1027 694 1129 770 samae
1148 693 1250 768 inser·

273 817 374 908 viret,
395 819 536 917 quae'in
561 815 804 912 noviscoeptis
822 815 1026 889 validissima
1042 817 1105 904 est,
1130 813 1251 888 itinere
1303 855 1305 860 ·

238 1009 239 1014 ,
274 933 420 1036 proper&
450 935 624 1030 consedit),
647 937 741 1032 apud
774 937 929 1034 AEgaeas,
961 935 1137 1010 civitatem
1164 936 1250 1010 Cili·

273 1058 349 1148 ciae,
384 1058 530 1132 obvium
559 1056 780 1152 Qadratum
810 1055 945 1145 habuit,
981 1055 1064 1130 illuc
1090 1057 1248 1155 progres-
1329 1098 1331 1106 ·

273 1177 365 1269 sum,
389 1205 448 1269 ne,
470 1183 493 1251 fi
521 1179 566 1276 ad
593 1174 810 1272 acoipiendas
838 1175 955 1271 copias
984 1175 1118 1272 Syriam
1144 1177 1250 1250 intra·

273 1298 375 1371 visset
397 1299 568 1386 Corbulo,
592 1294 753 1368 omnium
782 1321 843 1368 ora
870 1293 907 1366 in
935 1293 968 1368 se
984 1315 1144 1386 verteret,
1174 1323 1250 1370 cor·

232 1482 235 1494 .
275 1443 362 1516 pore
391 1419 525 1518 ingens,
552 1416 666 1489 verbis
687 1414 909 1514 magnificus,
937 1419 970 1488 δι
994 1413 1093 1510 super
1114 1417 1250 1512 experi-

274 1537 404 1612 entiam
425 1537 709 1636 sapientiamque,
739 1535 844 1610 etiam
871 1533 985 1632 specie
1009 1533 1166 1608 inanium
1191 1561 1251 1610 va-

274 1658 377 1732 lidus.

318 1781 384 1853 IX.
409 1781 608 1854 Caranon
632 1800 776 1880 uterque
793 1779 992 1879 Vologesen
1015 1804 1137 1878 regem
1156 1805 1247 1854 nun·

167 1993 168 1998 ἵ
272 1899 328 1972 tiis
354 1902 558 2008 monebant,
600 1907 627 1944 “
647 1926 772 1999 pacem
806 1901 914 1998 quam
948 1899 1081 1974 bellum
1105 1903 1250 1988 mallet3

275 2019 477 2119 “datisque
502 2021 693 2110 obsidibus,
722 2019 859 2093 solitam
893 2021 1066 2116 prioribus
1089 2041 1251 2096 reveren-

172 2149 174 2161 '
275 2147 305 2184 “
322 2141 405 2214 tiam
422 2141 459 2214 in
477 2141 651 2238 populum
667 2144 873 2214 Romanum
898 2138 1152 2213 continuaret.''
1204 2145 1254 2216 Et

276 2260 476 2360 Vologeses,
509 2258 581 2356 qud
601 2259 735 2331 bellum
760 2283 805 2330 ex
827 2259 1018 2331 commodo
1038 2278 1183 2354 pararet,
1208 2272 1253 2333 an

275 2402 316 2459 ut
334 2378 563 2454 emulationis
575 2376 745 2475 suspedlos
762 2403 824 2476 per
835 2395 965 2484 nomen
978 2378 1139 2450 obsidum
1156 2403 1252 2452 amo·
1287 2417 1291 2438 ι

276 2520 384 2590 veret,
405 2495 508 2572 tradit
525 2497 749 2572 nobiliffimos
773 2525 818 2572 ex
844 2497 974 2572 familia
994 2495 1251 2572 Arsacidarum.

274 2620 495 2718 Accepitque
520 2645 579 2693 eos
608 2619 764 2693 centurio
794 2617 963 2707 Histeius‚
992 2621 1037 2692 ab
1065 2617 1253 2692 Ummidio

274 2742 391 2816 missus
416 2741 505 2816 sorte
523 2742 629 2839 prior,
649 2743 688 2814 ea
704 2741 749 2814 de
766 2742 869 2814 causa
888 2739 984 2812 adito
1002 2765 1095 2840 rege.
1113 2833 1115 2840 y
1145 2739 1255 2838 Qiod

278 2862 462 2960 postquam
488 2861 682 2937 Corbuloni
705 2860 890 2959 cognitum
908 2859 979 2946 est3
1011 2868 1038 2902 “
1063 2859 1136 2932 ire''
1164 2885 1253 2958 prae·

247 3023 250 3032 =
276 2971 405 3056 fenum
435 2982 584 3056 cohortis
613 2982 758 3056 Arrium
784 2985 930 3072 Varum,
955 2987 983 3024 “
1009 2981 1255 3079 &reciperare

277 3109 306 3146 “
324 3102 482 3174 obfides’'
487 3099 599 3198 jubet.
648 3101 748 3177 Hinc
765 3123 882 3176 ortum
895 3100 984 3176 inter
998 3099 1200 3199 praefestum
1218 3090 1254 3176 Si

277 3220 518 3296 centurionem
538 3219 710 3320 jurgium,
731 3249 775 3296 ne
791 3213 922 3298 diutiits
946 3222 1098 3296 externis
1121 3223 1252 3321 spesta·

277 3343 359 3416 culo
381 3342 476 3431 esset,
499 3341 681 3416 arbitrium
699 3343 746 3417 rei
765 3342 940 3418 obsidibus
963 3342 1164 3442 legatisque,
1191 3345 1254 3442 qui

265 3489 336 3537 *eos
359 3463 549 3554 ducebant,
578 3462 788 3559 permissum.
839 3472 962 3562 Atque
987 3463 1038 3536 illi
1063 3465 1111 3536 ob
1132 3489 1251 3538 recen-

277 3603 349 3656 tem
372 3581 534 3682 gloriam,
565 3586 599 3654 &
627 3582 847 3658 inclinatione
871 3586 1024 3684 quadam
1046 3583 1150 3658 etiam
1175 3583 1251 3659 hos·
1298 3573 1301 3582 ’

277 3702 381 3792 tium,
419 3702 659 3776 Corbulonem
699 3705 889 3800 praetuldre.
949 3705 1058 3778 Unde
1086 3703 1254 3780 discordia

277 3822 368 3897 inter
406 3824 535 3900 duces:
579 3844 746 3924 querente
780 3824 982 3915 Ummidio,
1023 3831 1051 3866 “
1070 3839 1259 3923 praerepta,¹
