3126 4864
363 403 431 482 124'
575 375 1177 472 GConur'anrrTnetrt

357 558 495 634 ferebat.
544 560 655 660 Igitur
671 580 831 658 agentem
848 584 925 633 eam
946 559 983 632 in
1006 557 1225 634 matrimonio
1239 541 1330 630 Rus

354 678 514 777 Crispini,
534 680 658 778 equitis
670 669 845 772 Romani,
868 705 913 753 ex
931 704 1002 778 quo
1020 679 1131 754 filium
1149 695 1326 776 genuerat,

353 801 451 872 Otho
468 800 610 896 pellexit
621 799 764 898 juventa
779 827 820 874 ac
835 801 937 890 luxu,
970 799 1099 897 &quia
1116 796 1326 894 flagrantiffia

354 945 432 992 mus
448 919 484 994 in
500 920 825 997 amicitiai=Neronis
847 922 1047 993 habebatur.
1107 919 1186 990 Nec
1212 939 1325 1004 mora,

353 1039 440 1138 quin
464 1042 636 1114 adulterio
661 1041 921 1115 matrimonium
940 1038 1157 1138 jungeretur.

399 1163 536 1234 XLVI.
571 1163 700 1252 Orrro,
735 1165 804 1236 five
830 1187 949 1234 amore
981 1161 1152 1250 incautus,
1188 1157 1328 1230 laudare

351 1288 381 1322 “
398 1279 549 1356 formam
583 1281 862 1381 elegantiamque
889 1281 1033 1356 uxoris''
1075 1280 1168 1377 apud
1195 1277 1341 1351 princi>

351 1427 458 1499 pem;
485 1405 553 1478 sive
569 1423 609 1477 ut
630 1405 845 1494 accenderet,
863 1429 918 1494 ac,
938 1408 960 1476 sr
978 1404 1100 1476 eadem
1117 1399 1246 1474 semina
1262 1423 1326 1496 po·

350 1521 507 1614 tirentur,
535 1524 570 1595 id
598 1549 738 1620 quoque
755 1522 938 1594 vinculum
968 1520 1161 1616 potentiam
1184 1519 1215 1592 ei
1243 1517 1328 1616 adjia

261 1709 265 1716 .
300 1639 304 1646 ’
350 1663 456 1714 ceret.
517 1643 615 1736 Saepe
647 1641 783 1713 auditus
811 1641 859 1714 est
887 1639 1098 1737 consurgens
1121 1665 1141 1712 e
1164 1638 1328 1712 convivio

228 1840 233 1848 .
349 1759 502 1849 Caesaris,
531 1758 604 1832 “se
625 1759 675 1832 ire
696 1762 741 1832 ad
758 1760 869 1850 illam,
900 1760 961 1833 fibi
984 1760 1202 1832 concessam''
1226 1758 1327 1832 ditri-

345 1900 422 1953 tans
452 1888 480 1923 “
498 1879 730 1972 nobilitatem,
756 1879 1065 1978 pulchritudinem,
1094 1898 1178 1951 vota
1208 1879 1326 1952 omni-

348 2009 376 2044 “
395 2027 471 2092 um,
508 2004 542 2075 lla
578 2002 707 2100 gaudia
727 2001 917 2075 felicium.''
967 2000 1039 2075 His
1066 2019 1171 2097 atque
1194 1997 1325 2072 talibus

345 2121 589 2212 inritamentis,
621 2148 693 2195 non
729 2124 837 2222 longa
870 2121 1043 2196 cunctatio
1081 2114 1324 2218 interponitur.

345 2235 414 2314 Sed
430 2264 575 2341 accepto
600 2243 711 2333 aditu,
740 2247 896 2342 Poppaea
915 2243 1069 2341 primum
1100 2269 1161 2341 per
1185 2241 1323 2314 blandi-

344 2384 465 2436 menta
486 2369 520 2436 ἅ*
543 2383 630 2434 artes
648 2363 830 2452 valescere,
860 2363 1067 2460 “imparem
1090 2362 1247 2460 cupidini
1273 2360 1320 2452 se,

345 2491 373 2526 “
392 2488 426 2556 ὅτ
463 2483 576 2554 forma
616 2481 768 2552 Neronis
791 2485 954 2578 captam''
992 2485 1178 2556 simulans:
1220 2509 1320 2574 mox,

342 2603 414 2677 acri
432 2599 509 2698 jam
526 2598 695 2696 Principis
721 2625 851 2689 amore,
879 2601 924 2673 ad
950 2599 1145 2696 superbiam
1169 2622 1319 2693 vertens,
1388 2601 1390 2606 ’

254 2814 257 2818 ,
344 2728 369 2796 fi
410 2723 500 2792 ultra
540 2745 647 2792 unam
684 2721 895 2817 alteramque
931 2722 1069 2794 noctem
1106 2720 1321 2813 attineretur,

244 2837 249 2849 '
344 2848 537 2936 “nuptam
564 2841 631 2912 else
655 2838 712 2912 se”
744 2839 919 2930 dictitans,
954 2847 1056 2913 “nec
1087 2843 1183 2937 posse
1205 2844 1322 2916 matri·

343 2969 372 3005 “
389 2959 550 3033 monium
567 2961 739 3051 amittere,
765 2959 962 3035 devinctam
980 2960 1114 3033 Othoni
1131 2987 1195 3058 per
1213 2949 1321 3062 genus

343 3089 371 3123 “
388 3080 485 3172 vitae,
510 3082 608 3178 quod
631 3107 737 3154 nemo
754 3084 962 3180 adaequaret.
1012 3084 1119 3156 Illum
1142 3082 1260 3156 animo
1284 3063 1327 3156 &⁵

342 3183 372 3244 ‘²
391 3202 489 3274 cultu
507 3201 760 3300 magnificum:
788 3202 837 3276 ibi
851 3202 884 3276 se
901 3203 1035 3277 summa
1049 3203 1190 3278 fortuna
1212 3204 1321 3302 digna
1405 3185 1415 3200 ’

342 3329 371 3365 “
388 3320 504 3394 visere.
555 3326 606 3396 At
619 3385 623 3394 .
635 3324 818 3396 Neronem
835 3323 958 3420 pellice
980 3323 1117 3415 ancilla,
1146 3331 1180 3399 u
1200 3323 1319 3397 adsue·

227 3453 235 3473 '
342 3441 508 3516 “tudine
525 3443 865 3533 Astesdevintlum,
887 3445 936 3518 n'il
965 3471 985 3518 e
1009 3444 1235 3519 contubernio
1250 3442 1319 3516 ser-

235 3662 236 3670 *
342 3569 370 3605 “
387 3563 465 3652 vili,
491 3562 552 3636 nist
570 3561 744 3660 abjectum
770 3569 803 3636 ὅτ
828 3563 1005 3638 sordidum
1023 3563 1194 3637 traxiffe.''
1243 3564 1318 3634 De-

334 3683 453 3784 jicitur
469 3682 697 3757 familiaritate
722 3683 829 3775 sueta,
850 3684 925 3782 pbst
942 3685 1123 3783 congressu
1147 3687 1181 3755 br
1206 3682 1316 3763 eomi-

340 3825 427 3896 tatu,
446 3807 566 3882 Otho:
594 3809 628 3879 &
645 3805 689 3878 ad
706 3806 939 3904 postremum,
963 3830 1007 3878 ne
1029 3804 1065 3877 in
1090 3804 1191 3878 Urbe
1207 3829 1316 3882 aemu-
