3120 4860
378 358 678 478 Anuntr'uru
712 395 823 479 Lrs.
846 398 944 476 XVI.
1118 424 1187 510 ²57

211 570 323 675 igitur
339 631 341 636 .
356 549 527 666 centurio,
561 576 623 650 uu
653 575 782 674 effuga
813 576 906 652 vurae
939 577 1070 667 claun,
1095 577 1185 675 jura

212 697 434 794 Imperatoris
462 697 602 772 Ostorio
630 697 750 794 aperit.
798 701 830 770 Is
857 672 1100 772 foititudinem
1121 699 1183 772 ad-

213 818 351 890 versum
380 819 493 891 hostes
521 816 608 914 sape
634 818 819 914 spestatam
846 818 884 890 in
910 815 943 892 se
976 818 1086 891 vertit.
1138 821 1185 892 Et

213 938 295 1034 quia
313 965 426 1029 vena,
445 943 661 1036 quamquam
678 937 889 1035 interrupta,
904 965 1029 1034 parum
1046 939 1184 1038 sangui-

210 1059 265 1131 nis
283 1060 522 1150 effundebant,
541 1062 705 1132 hadienus
722 1085 827 1132 manu
844 1058 928 1132 servi
945 1056 1022 1130 usus
1048 1077 1087 1132 ut
1117 1061 1184 1134 im·
1233 1111 1239 1128 .

203 1165 358 1252 ¹motum
389 1180 580 1276 pugionem
613 1181 806 1270 extolleret,
841 1182 1000 1277 adpressit
1029 1180 1187 1256 dextram

213 1297 298 1397 ejus,
318 1299 517 1398 juguloque
542 1301 713 1376 occurrit:
812 1285 815 1292 “

261 1419 360 1527 XYI.
387 1424 526 1494 Errant
546 1427 568 1495 fi
588 1424 678 1495 bella
694 1441 848 1511 externa,
867 1427 901 1495 &
919 1421 1029 1496 obitas
1046 1427 1109 1520 pro
1133 1447 1187 1495 re-

214 1541 354 1640 publicd
387 1564 513 1614 mortes
539 1544 633 1615 tanta
656 1542 796 1616 casuum
814 1543 1036 1616 similitudine
1052 1567 1189 1616 memo-

213 1687 339 1751 rarem,
371 1687 498 1759 meque
523 1662 635 1760 ipsum
651 1661 781 1736 satietas
796 1663 948 1760 cepisset,
973 1664 1190 1760 aliorumque

213 1781 354 1856 taedium
387 1781 650 1878 exspestarem„
670 1783 831 1882 quamvis
861 1783 1022 1857 honestos
1057 1783 1194 1856 civium

212 1903 337 1992 exitus,
370 1902 478 1976 tristes
499 1923 616 1976 tamen
644 1907 677 1976 δε
710 1904 894 1978 continuos
921 1903 1190 2000 aspernantium.

94 2021 96 2026 ’
213 2029 265 2098 At
298 2049 390 2096 nunc
418 2023 582 2118 patientia
608 2023 749 2111 servilis,
781 2040 987 2117 tantumque
1015 2021 1189 2121 sanguinis

214 2144 312 2240 domi
337 2141 529 2240 perditum,
555 2139 703 2237 fatigant
720 2139 891 2230 animum,
912 2143 1116 2232 &maestius
1138 2169 1191 2216 re-

214 2265 398 2362 stringunt.
448 2263 576 2357 Neque
591 2259 697 2332 aliam
714 2257 948 2334 defensionem
965 2263 1010 2333 ab
1034 2261 1088 2352 iis,
1113 2264 1190 2360 qui-

166 2469 168 2474 ,
215 2386 281 2456 bus
309 2383 372 2454 ista
394 2378 591 2470 noscentur,
617 2381 808 2480 exegerim,
833 2381 955 2478 quarn,
989 2407 1034 2454 ne
1059 2383 1194 2458 oderim

217 2523 291 2577 tam
307 2500 455 2601 segniter
478 2518 669 2599 pereuntes.
719 2505 774 2575 Ira
796 2501 856 2576 illa
878 2502 1065 2581 numinum
1083 2503 1119 2576 in
1142 2529 1194 2578 res

216 2629 394 2700 Romanas
411 2622 491 2714 suit,
518 2619 729 2720 quam-non,
749 2643 797 2697 ut
822 2624 859 2696 iu
888 2623 1045 2698 cladibus
1062 2623 1192 2698 exerci⁴

167 2818 169 2823 ,
215 2765 332 2835 tuum,
355 2760 414 2818 aut
435 2744 632 2842 captivitate
647 2744 803 2834 urbium,
830 2723 937 2817 semel
953 2743 1083 2818 editam
1100 2765 1193 2818 tran-¹

126 2855 149 2890 '¹
218 2871 280 2940 sire
298 2867 388 2940 licet,
437 2867 550 2940 Detur
574 2867 643 2939 hoc
666 2864 861 2939 inlustrium
878 2864 1034 2938 virorum
1052 2865 1193 2962 posteri*

218 2985 295 3076 tati,
312 3005 366 3076 ut,
386 2985 567 3084 quomodo
589 2985 756 3084 exsequiis
774 2983 800 3059 a'
812 2985 1007 3084 promiscus
1023 2981 1196 3083 sepulturis

218 3107 428 3204 separantur,
447 3107 507 3199 ita,
525 3107 561 3180 in
577 3107 761 3182 traditione
784 3099 1038 3205 supremorum,
1069 3106 1196 3203 accipi·
1290 3155 1294 3163 ·

219 3250 280 3303 ant
305 3231 525 3327 habeantque
543 3229 719 3328 propriam
737 3229 953 3303 memoriam.
993 3257 997 3270 ’

270 3352 387 3426 XVII.
413 3351 570 3424 Pnucos
594 3350 724 3448 quippe
745 3349 834 3424 intra
862 3350 948 3440 dies,
981 3347 1106 3422 eodem
1133 3370 1196 3447 age

221 3471 317 3546 mine
334 3476 489 3544 Annaeus
505 3467 618 3562 Mela,
632 3470 771 3544 Cerialis
790 3470 951 3560 Anicius,
966 3472 1094 3544 Rufius
1107 3460 1197 3542 Cris-

222 3592 339 3690 pinus,
369 3617 410 3664 ac
425 3591 607 3664 Petronius
625 3590 791 3665 cecidere.
841 3592 941 3665 Mela
958 3595 991 3663 &
1008 3588 1199 3687 Crispinus,

222 3713 358 3810 equites
386 3712 555 3803 Romani,
584 3711 755 3820 dignitate
784 3710 960 3786 senatorii.
1021 3714 1123 3786 Nam‘
1142 3713 1201 3788 hie

224 3837 405 3930 quondam
430 3833 610 3934 praefedus
636 3833 801 3934 ptaetorii,
835 3839 870 3910 ὅτ
897 3833 1130 3910 consularibus
1145 3834 1198 3911 in,-

720 3957 743 4027 S
