3006 4866
243 465 249 474 ἱ
298 367 370 464 296
527 360 1094 438 C.,Conunt11thrr1

303 533 411 608 menti
426 533 572 612 modurn
584 535 761 626 dominus,
787 521 846 610 atit
863 529 1012 634 pecoris,
1030 521 1224 623 aut‘vestis,
1239 546 1289 610 ut

303 656 439 742 colono,
458 652 633 754 injungit:
653 662 686 730 &
705 654 819 743 servus
835 659 999 732 haetenus
1013 675 1122 754 paret.
1156 657 1289 734 Cetera

301 774 429 848 domus
442 775 556 856 officia
572 803 662 852 uxor
678 803 718 854 ac
737 777 836 851 liberi
850 777 1095 876 exsequuntur.
1145 777 1287 850 Verbe-

301 919 375 966 rare
391 891 527 970 servum
546 923 585 970 ac
609 897 758 974 vinculis
777 903 932 1002 &opere
956 905 1124 988 coercere,
1144 922 1287 983 ,rarum-

300 1015 470 1092 Occidere
498 1017 622 1108 solent,
651 1045 723 1094 non
750 1019 928 1117 disciplina
954 1024 987 1093 δι
1009 1018 1194 1109 severitate,
1220 1015 1286 1093 sed

300 1135 435 1233 impetu
469 1143 503 1212 δι
534 1139 596 1232 ira,
626 1160 666 1218 ut
696 1140 890 1230 inimicum,
914 1139 974 1214 nist
996 1139 1092 1237 qudd
1120 1135 1285 1234 impune.

300 1257 476 1336 Libertini
492 1287 563 1334 non
582 1263 732 1337 multum
751 1261 851 1358 supra
873 1260 985 1334 seruos
1009 1259 1099 1349 sunt,
1123 1257 1196 1337 rard
1212 1256 1284 1330 ali·

258 1425 264 1438 ,
302 1379 399 1475 quod
421 1403 640 1458 momentum
659 1383 694 1454 in
712 1375 834 1474 domo,
860 1405 1054 1479 numquam
1070 1379 1107 1456 in
1124 1377 1283 1472 ciuitate,

302 1501 459 1598 exceptis
491 1504 673 1577 dumtaxat
698 1501 737 1575 iis
762 1501 939 1599 gentibus,
969 1528 1047 1600 quae
1077 1518 1282 1598 regnantur.

301 1621 357 1694 Ibi
369 1621 468 1696 enim
494 1627 527 1696 ἃ
551 1620 649 1720 super·
664 1622 831 1720 ingenuos
847 1628 880 1694 δι
899 1621 998 1718 super
1014 1621 1147 1694 nobil-es
1163 1619 1279 1698 ascen,

302 1742 411 1813 dunt:
432 1743 525 1836 apud
537 1762 679 1832 ceteros,
705 1743 856 1838 impares
874 1740 1024 1820 libertini
1045 1739 1210 1817 libertatis
1226 1763 1280 1812 ar·

305 1881 514 1960 gumentum
532 1859 619 1939 sunt.

350 1983 487 2054 XXVI.
512 1984 643 2054 Fatuus
671 1983 816 2082 agitare,
844 1981 932 2056 &in
943 1957 1060 2056 'usuras
1076 1983 1276 2072 extendere,
1352 2033 1354 2036 -

301 2103 488 2202 ignotum:
516 2101 667 2200 ideoque
692 2103 803 2201 magis
820 2103 986 2193 servatur,
1012 2101 1120 2200 quam
1146 2109 1169 2176 fi
1191 2102 1277 2178 veti,

250 2217 254 2220 ⁸
302 2244 379 2312 tum
396 2225 488 2301 effer.
539 2223 642 2322 Agri,
673 2250 738 2321 pro
761 2250 908 2308 numero
926 2213 1115 2312 cultorum,
1140 2225 1187 2299 ab.
1201 2221 1277 2300 oni«

232 2405 236 2412 ,
302 2349 404 2420 versis
438 2371 500 2443 per
527 2345 619 2419 vices
650 2367 877 2443 occupantur,
911 2363 1114 2443 quosmox
1141 2343 1224 2420 inter
1243 2341 1279 2418 se

301 2467 493 2540 secundum
505 2466 744 2564 dignationem
758 2467 970 2563 partiuntur:
990 2465 1188 2540 facilitatem
1201 2491 1279 2563 par-
1302 2469 1318 2490 “

301 2585 412 2660 tiendi
434 2611 641 2682 camporum
663 2586 767 2684 spatia
790 2587 977 2685 prasiane·
1015 2592 1113 2661 Arva
1138 2592 1279 2682 per'an·

269 2787 271 2795 Α
302 2733 366 2781 nos
385 2725 542 2792 mutant;
562 2711 594 2786 ὃς
613 2702 762 2804 superest
774 2733 874 2806 ager:
895 2733 958 2785 nec
974 2707 1161 2790 enimcum
1175 2707 1278 2778 ubet-

301 2847 370 2904 tate
388 2834 420 2900 &
443 2827 672 2923 amplitudine
687 2827 749 2901 soli
766 2829 884 2904 labore
902 2830 1131 2918 contendunt,
1158 2847 1198 2910 ut
1215 2852 1278 2925 po·

303 2949 411 3024 maria
435 2947 625 3040 conserant,
653 2953 687 3022 δι
714 2969 810 3044 prata
833 2948 1002 3045 separent,
1029 2950 1206 3026 &hortos
1231 2947 1277 3022 ri-

302 3091 409 3169 gent:
436 3070 505 3143 sula
532 3089 626 3146 terrae
652 3067 746 3167 seges
771 3069 972 3164 imperatur.
1022 3071 1131 3146 Unde
1148 3051 1277 3145 annum
1365 3102 1371 3110 ·

216 3223 218 3230 ·
301 3215 444 3286 quoque
470 3189 584 3286 ipsum
610 3215 682 3292 non
708 3189 742 3261 in
766 3189 914 3266 totidem
939 3188 1104 3288 digerunt
1126 3190 1275 3288 species:

299 3309 423 3398 hiems,
443 3313 476 3382 δι
495 3335 568 3400 ver,
593 3311 731 3389 &aestas
747 3308 961 3392 intellestunt
974 3337 1016 3385 ac
1031 3313 1203 3390 vocabula
1218 3313 1278 3386 hav

229 3485 237 3497 .
300 3433 403 3510 bent:
435 3430 595 3510 autumni
620 3431 764 3527 perinde
787 3457 917 3508 nornen
940 3457 980 3504 ac
1006 3434 1100 3506 bona
1114 3432 1276 3533 ignorat,

301 3571 370 3625 tur.
1148 3611 1159 3634 ,

349 3671 506 3768 XXVII.
533 3672 735 3746 Founnuru
765 3674 861 3748 nulla
896 3673 1066 3748 ambitio:
1102 3673 1138 3756 id
1171 3672 1281 3749 solum

248 3885 251 3902 ⁸
300 3792 512 3884 observatur,
548 3809 588 3882 ut
620 3817 765 3899 corpora
796 3795 969 3878 elatorum
997 3791 1152 3879 vitorum
1181 3789 1281 3880 certia
1316 3883 1321 3888 ,
