3076 4868
195 419 198 426 Ι
272 343 318 402 10
558 291 872 393 CsConnrtrr
902 313 1082 393 Tacrrt

266 496 312 570 ad
333 517 471 570 amnem
491 491 667 568 Erinden:
694 495 740 569 in
754 491 851 593 cujus
875 492 1080 592 transgressu
1097 489 1251 570 multirm

269 633 413 705 certato,
447 613 593 710 pervicit
628 617 815 706 Bardones,
852 613 1087 714 prosperisque
1121 615 1253 713 proeliis

265 733 397 810 medias
421 733 577 808 nationes
594 731 731 834 subegit
755 738 802 810 ad
823 739 955 845 flumen
980 735 1126 827 Sinden,
1154 737 1253 834 qnod

265 857 386 930 Dahas
414 855 586 955 Ariosque
616 857 841 931 disterminat.
907 857 962 932 Ibi
995 860 1122 932 modus
1151 859 1253 930 rebus

264 975 422 1052 secundis
440 979 588 1074 positus:
608 1003 690 1051 nam
706 979 839 1070 Parthi,
854 1004 1070 1077 quamquam
1088 978 1252 1068 victores,

266 1097 499 1196 longinquam
523 1097 681 1173 militiam
702 1100 984 1199 aspernabantur.
1034 1099 1163 1198 Igitur,
1189 1123 1251 1170 ex·

240 1218 399 1292 tamtus
421 1218 661 1311 monimentis,
692 1221 819 1320 quibus
843 1248 926 1320 opes
955 1219 1028 1295 suas
1052 1220 1251 1308 testabatur,

263 1363 330 1412 nec
357 1339 524 1438 cuiquam
555 1341 635 1414 ante
666 1341 910 1414 Arsacidamm
942 1342 1086 1414 tributa
1104 1339 1174 1413 illis
1205 1341 1252 1412 de
1320 1402 1324 1407 .

267 1460 430 1558 gentibus
458 1481 570 1557 parta,
596 1459 814 1556 regreditur:
841 1460 966 1556 ingens
995 1459 1121 1556 gloria,
1146 1479 1255 1556 atque

266 1579 311 1658 ed
326 1559 328 1568 Ι
342 1579 502 1671 ferocior,
533 1583 567 1652 &
598 1576 755 1675 subjectis
785 1577 1047 1651 intolerantior:
1079 1568 1253 1675 qui“dolo

265 1699 347 1774 ¹ante
371 1702 577 1797 composito,
599 1696 780 1774 incautum
807 1690 1054 1796 venationique
1078 1697 1253 1774 intentum

265 1818 480 1910 interfecere,
521 1820 670 1920 primam
706 1820 796 1894 intra
822 1819 1020 1918 juventam,
1060 1817 1118 1892 sed
1152 1820 1252 1894 clari*
1345 1890 1351 1907 Ι

265 1940 390 2016 tudine
403 1927 531 2039 pa'ucos
548 1942 639 2016 inter
654 1941 775 2016 senum
791 1967 931 2040 regum,
950 1941 973 2014 sr
991 1939 1138 2039 perinde
1153 1964 1255 2020 amos

184 2071 187 2075 ’
265 2085 344 2136 rem
370 2062 460 2150 inter
482 2064 681 2163 populares,
709 2061 818 2162 quam
839 2045 973 2137 metum
1001 2063 1094 2160 apud
1122 2061 1252 2154 hostes,
1357 2067 1359 2074 ’

268 2183 488 2284 quaesivisset.
546 2187 646 2260 Nece
677 2183 843 2259 Bardanis
875 2187 1021 2259 turbata
1044 2183 1252 2258 Parthomm

264 2329 333 2398 rer,
357 2305 444 2380 inter
470 2302 668 2402 ambiguos,
696 2305 774 2399 quis
794 2305 831 2379 in
852 2329 1003 2404 regnum
1030 2303 1251 2403 acciperetur.

266 2425 378 2500 Multi
396 2425 443 2497 ad
468 2427 646 2496 Gotarzen
668 2406 907 2509 inclinabant:
932 2425 1083 2520 quidam
1096 2427 1141 2499 ad
1168 2429 1252 2500 Me·

264 2546 450 2632 herdaten,
476 2543 609 2638 prolem
631 2540 803 2630 Phraatis,
829 2543 964 2615 obsidio
989 2544 1092 2616 nobis
1115 2545 1251 2616 datum.

266 2664 408 2739 Deinde
441 2660 623 2758 praevaluit
649 2661 841 2734 Gotarzes:
875 2661 1074 2760 potitusque
1100 2662 1250 2760 regiam,
1313 2721 1314 2724 ,

267 2807 330 2880 per
361 2779 527 2856 saevitiem
551 2809 592 2856 ac
619 2784 750 2891 luxum=
781 2781 899 2882 adegit
926 2783 1073 2856 Parthos
1114 2783 1252 2859 mittere

267 2901 313 2978 ad
338 2901 539 2998 Principem
565 2907 782 2980 ¹Romanum
820 2905 976 2978 occultas
1010 2929 1142 3002 preces,
1173 2907 1253 3004 quls

271 3021 475 3120 “permitti
510 3024 746 3098 Meherdaten
784 3021 940 3122 patrium
971 3025 1025 3124 ad,
1050 3024 1255 3127 fastigium*

268 3145 458 3244 orabant„

246 3275 248 3279 ’
315 3265 383 3340 ΧΙ.
407 3265 548 3338 Irsnam
588 3261 786 3337 consulibus
823 3264 908 3338 ludi,
929 3261 1107 3340 saculares
1138 3264 1250 3338 obtin·

269 3378 459 3486 gentefimo
477 3384 557 3482 post
573 3387 731 3458 Romam
747 3383 939 3477 conditam,
963 3406 1085 3484 quarto
1103 3385 1139 3457 δι’
1154 3383 1251 3458 sexa-

269 3511 400 3606 gesimo
429 3505 539 3604 quam
571 3503 755 3604 Augustus
783 3496 950 3596 ediderat,
987 3501 1128 3602 spectati
1160 3505 1251 3580 sunt.

268 3625 462 3727 Utriusque
503 3625 674 3724 Principis
713 3625 860 3703 rationes
895 3625 1136 3726 praetermitto,
1174 3613 1282 3700 satis¹

229 3826 230 3836 ,
268 3767 421 3827 narratas
454 3748 547 3824 libris
578 3747 707 3847 quibus
729 3773 783 3824 res
799 3809 800 3816 κ
814 3745 1032 3848 imperatoris
1057 3745 1252 3827 Domitiani
