3120 4860
781 239 790 284 t

343 383 415 434 220
553 359 593 430 C.
635 357 902 432 Conuaatr
942 356 1144 438 Tacrrt

339 533 453 608 Cereri
471 532 765 632 Proserpinaeque‚
789 561 829 608 ac
848 533 1029 632 propitiata
1046 535 1141 628 Juno
1159 559 1217 637 per
1235 557 1317 606 ma-

337 675 461 741 tronas,
492 652 645 750 primltm
663 655 698 728 in
715 655 906 752 Capitolio,
928 653 1054 726 deinde
1070 655 1165 752 apud
1189 653 1314 751 proxi-

333 797 437 846 mum
453 799 571 846 mare:
600 777 694 850 unde
710 775 828 850 haustd
842 777 946 873 aqud,
965 776 1138 871 templum
1157 779 1189 847 δι
1209 778 1314 848 fimu-

335 893 468 966 lacrum
485 895 559 967 deae
578 893 792 996 prospersum
809 895 881 980 est;
909 900 943 968 δι
960 891 1155 968 sellisternia
1178 919 1218 967 ac
1235 919 1312 992 per-

333 1012 453 1111 vigilia
477 1017 697 1092 celebravere
730 1017 883 1106 femina,
909 1014 1035 1113 quibus
1064 1013 1178 1128 mariti
1206 1033 1313 1087 erant.

242 1201 246 1212 .
335 1135 403 1208 Sed
422 1161 495 1208 non
523 1163 591 1236 ope
620 1139 787 1228 humana,
814 1163 886 1210 non
915 1135 1157 1235 largitionibus
1177 1133 1311 1208 Princi-

332 1255 400 1352 pis,
430 1275 490 1328 aut
524 1258 632 1332 dedm
661 1259 899 1356 placamentis,
936 1257 1126 1332 decedebat
1155 1255 1310 1346 infamia,

332 1377 418 1476 quin
430 1375 562 1476 juffum
580 1379 780 1476 incendium
796 1380 1002 1452 crederetur.
1054 1380 1151 1476 Ergo
1169 1379 1310 1450 abolen-

296 1501 299 1512 “
332 1499 383 1572 do
414 1499 545 1572 rumori
577 1502 675 1572 Nero
708 1497 861 1572 subdidit
890 1524 980 1586 reos,
1008 1502 1041 1570 δι
1075 1495 1312 1594 quaefitiffimis

331 1619 446 1716 poenis
481 1617 619 1706 adfecit,
648 1643 734 1713 quos
763 1643 824 1713 per
853 1616 984 1714 flagitia
1013 1616 1152 1714 invisos,
1181 1614 1314 1716 vulgus

330 1739 515 1834 Christianos
530 1713 736 1834 appellabat.
760 1738 895 1809 Auctor
912 1736 1062 1808 nominis
1079 1735 1149 1833 ejus
1166 1737 1312 1812 Cams-

276 1847 278 1852 ’
331 1873 417 1946 τὐε,
442 1849 586 1934 Tiberio
604 1855 838 1952 imperitante,
858 1883 918 1953 per
936 1837 1196 1953 procuratorem
1213 1859 1313 1930 Pon-

328 1977 417 2050 tium
442 1976 596 2052 Pilatum
620 1975 789 2072 supplic-io
814 1975 970 2053 adfectus
991 1998 1074 2050 erat.
1125 1979 1311 2075 Repreffa-
1378 2003 1382 2009 ·

329 2097 452 2195 quein
472 2095 616 2194 prasens
633 2094 817 2170 exitiabilis
834 2094 1025 2193 superstitio
1052 2095 1164 2172 rursus
1191 2123 1309 2174 erum·

328 2221 448 2318 pebat‚
479 2243 551 2290 non
585 2215 692 2290 modd
726 2243 787 2314 per
813 2219 989 2314 Judaeam,
1028 2218 1202 2316 originem
1237 2219 1308 2320 ejus

327 2339 426 2429 mali,
450 2337 507 2412 sed
535 2363 596 2435 per
612 2339 750 2410 Urbem
769 2338 886 2428 etiam,
906 2338 977 2436 qud
1004 2342 1129 2412 cuneta
1151 2341 1308 2439 undique

325 2456 471 2549 atrocia,
503 2479 561 2530 aut
579 2459 757 2554 pudenda,
784 2461 980 2548 confluunt,
1008 2460 1306 2558 celebranturque.

325 2580 436 2676 Igitur
464 2575 577 2675 primb
605 2577 754 2674 correpti
773 2577 834 2678 qui
860 2576 1072 2670 fatebantur,
1101 2581 1227 2653 deinde
1249 2581 1304 2654 in-

325 2700 419 2774 dicio
449 2720 569 2798 eorum
598 2697 795 2775 multitudo·
808 2699 943 2797 ingens,
971 2701 1066 2774 haud
1097 2699 1238 2800 perinde
1266 2700 1304 2775 in

327 2821 471 2893 crimine
489 2817 655 2907 incendii,
675 2819 782 2918 quam
800 2805 882 2892 odio
899 2819 1042 2912 ltumani
1061 2819 1193 2918 generis
1216 2818 1303 2894 cori-

323 2940 406 3014 victi
435 2938 524 3012 sunt.
585 2939 632 3010 Et
663 2940 888 3036 pereuntibus
919 2942 1036 3014 addita
1067 2923 1237 3033 ludibria,
1265 2963 1304 3018 ut

270 3101 272 3106 ,
321 3061 471 3134 ferarum
490 3058 594 3158 tergis
613 3061 777 3153 contecti,
805 3061 934 3135 laniatu
959 3089 1087 3138 canum
1112 3061 1301 3154 interirent,

321 3201 380 3253 aut
398 3181 557 3254 crucibus
573 3181 681 3270 affixi,
707 3203 765 3255 aut
784 3185 1007 3274 dammandi,
1030 3205 1135 3283 atque
1158 3185 1219 3258 ubi
1239 3187 1300 3257 'de-
1346 3195 1351 3202 '

319 3299 446 3374 fecisset
458 3300 544 3389 dies,
570 3301 605 3372 in
621 3301 721 3376 usum
739 3305 900 3381 nocturni
932 3287 1074 3378 luminis
1107 3327 1300 3378 urerentur.

319 3423 454 3528 Hnttos
473 3419 548 3494 suos
571 3421 601 3493 ei
626 3420 822 3519 spectaculo
839 3427 938 3499 Nero
955 3428 1139 3514 obtulerat,
1164 3432 1197 3498 δι
1222 3428 1297 3497 Cir»

319 3541 418 3617 cense
443 3543 617 3616 ludicrum
635 3545 773 3634 edebat,
799 3545 920 3642 habitu
945 3547 1075 3644 anrigae
1104 3545 1299 3644 permixtus

320 3661 429 3760 plebi,
460 3663 516 3734 vel
539 3663 712 3738 curriculo
730 3651 892 3738 infistens.
943 3668 1052 3740 Unde
1081 3691 1299 3764 quamquam

317 3783 481 3858 adversus
514 3781 627 3860 sontes
661 3789 694 3858 δι
731 3785 911 3872 novissima
950 3789 1112 3886 cntempla
1141 3784 1296 3883 meritos,
