3006 4866
397 453 403 467 ·
503 421 680 500 Atesi
708 451 729 499 c
756 441 827 500 οἰ
854 441 894 498 Α.
1112 449 1178 523 341

129 661 131 664 .
205 599 235 644 '‘
252 597 377 674 affeetu
393 597 666 696 concupiscunt:
689 598 835 691 auferre,
859 597 1043 686 trucidare,
1061 619 1183 695 rapere
1333 621 1339 646 ¹

205 717 337 794 “'frlfis
360 718 573 812 nominibus,
602 724 764 819 imperium
776 747 788 808 3
814 740 917 819 atqne
943 718 1003 792 ubi
1026 703 1190 791 solitudi-'
1216 703 1218 708 ⁸

205 847 234 884 “
250 867 332 946 nem
349 837 491 930 faciunt,
505 861 615 938 pacem
632 843 842 940 appellant.’'

250 961 392 1036 XXXI.
427 967 456 1004 “
472 964 649 1035 Lrsatros
668 962 795 1060 coique
814 988 854 1035 ac
872 951 1087 1058 propinquos
1102 956 1180 1054 suos

141 1060 145 1077 ¹
205 1087 233 1148 ἕ(
251 1099 372 1154 natura
399 1081 585 1166 ca'riffimos
611 1086 677 1156 effe
703 1083 837 1156 voluit:
869 1082 904 1155 hi
931 1107 990 1178 per
1013 1081 1179 1168 delectus,

205 1207 233 1242 “
250 1182 333 1274 alibi
360 1199 524 1293 servituri,
551 1203 770 1286 auferuntur:
801 1201 966 1300 conjuges
989 1197 1181 1296 sororesque
1268 1213 1274 1220 '
1311 1223 1313 1230 ’

204 1326 233 1362 “
250 1325 308 1393 etsr
335 1322 495 1396 hostilem
523 1323 706 1396 libidinem
729 1319 1076 1420 effugiant,·nomine
1098 1323 1179 1394 ami-
1208 1343 1212 1350 “
1275 1411 1278 1417 r

204 1446 232 1514 ‘.‘
250 1464 348 1512 corum
373 1463 477 1540 atque
503 1443 652 1540 hospitum
685 1443 897 1540 polluuntur.
946 1441 1042 1514 Bona
1070 1437 1179 1513 fortu-

204 1566 232 1602 “
249 1559 375 1658 nasque
396 1561 431 1634 in
454 1562 621 1635 tributum
650 1583 817 1660 egerunt3
844 1563 884 1642 in
911 1546 1085 1634 annonarii
1107 1559 1179 1633 fru-

204 1687 232 1724 “
250 1703 427 1756 mentum:
448 1708 595 1780 corpora
611 1674 734 1780 ipsaac
751 1709 887 1773 manus,
916 1681 1005 1754 silvis
1022 1706 1062 1754 ec
1080 1681 1180 1777 palu-

204 1808 230 1844 “
247 1802 350 1876 dibus
366 1802 597 1894 emuniendis,
620 1801 707 1874 inter
721 1806 865 1876 verbera
880 1828 920 1873 ac
938 1801 1177 1892 contumeliam,

202 1929 231 1964 ‘⁶
249 1941 442 1995 conterunt.
492 1901 585 1994 Nata
612 1920 765 1994 servituti
793 1921 966 2016 mancipia
990 1899 1095 1992 seniel
1117 1945 1178 1994 ve-

202 2049 234 2108 ἐξ.
243 2061 370 2130 neunt,
388 2061 492 2136 atque
508 2042 599 2114 ultro
614 2067 634 2112 a
655 2038 807 2112 dominis
824 2041 982 2112 aluntur:
1002 2039 1180 2113 Britannia

203 2159 446 2233 “servitutem
476 2159 570 2234 suam
601 2160 757 2259 qnotidie
790 2158 889 2246 emit,
909 2156 1080 2254 ¹quotidie
1104 2157 1180 2253 pas-

203 2289 230 2324 “
244 2265 306 2354 ¹cit.
350 2285 407 2353 Ac
436 2285 518 2354 ficut
555 2281 592 2353 in
617 2279 747 2353 familia
771 2277 1013 2352 recentiffimus
1037 2275 1180 2374 quisque

203 2401 424 2475 “servorum
454 2405 487 2474 δι
512 2399 684 2477 conservis
705 2399 857 2473 ludibrio
879 2398 952 2472 est:
982 2401 1026 2471 fic
1049 2396 1086 2468 in
1112 2397 1180 2470 hoo

203 2521 340 2595 “orbis
369 2541 538 2594 terrarum
570 2542 687 2594 vetere
719 2519 902 2609 famulatu,
933 2518 1018 2591 novi
1051 2543 1114 2590 nos
1143 2519 1178 2588 de

203 2641 332 2714 “viles
356 2639 393 2713 in
417 2637 597 2714 circidium
622 2639 802 2738 petimur„
832 2641 962 2736 Neque
978 2638 1071 2711 enim
1099 2661 1180 2709 arva

201 2768 228 2804 “
247 2760 361 2849 nobis,
380 2782 438 2834 aut
455 2763 606 2851 metalla,
617 2780 676 2834 aut
694 2779 814 2856 portus
829 2757 921 2849 sunt,
936 2759 1062 2854 qriibus
1079 2781 1177 2830 exer-

202 2888 230 2923 “
248 2879 366 2953 cendis
383 2880 605 2954 reservemur.
656 2879 774 2953 Virtus
787 2905 891 2976 porro
904 2904 945 2951 ac
959 2875 1088 2950 ferocia
1099 2873 1178 2950 sub·

204 2994 419 3096 f‘jedtorum
448 3000 584 3098 ingrata
609 2987 885 3096 imperantibus:
916 3004 949 3071 δι
979 2995 1180 3095 longinqui-

182 3152 185 3159 *
203 3123 230 3160 “
250 3139 301 3191 tas
317 3144 357 3191 ac
367 3117 533 3194 secretum
551 3119 678 3216 ipsum,
697 3117 768 3216 qud
785 3117 905 3205 tutiu's,
928 3115 969 3189 ed
986 3115 1181 3212 suspedius.
1220 3109 1228 3122 ⁸

203 3241 231 3278 “
249 3237 301 3310 Ita
322 3237 450 3314 sublatd
473 3239 532 3337 spe
549 3240 674 3330 veniae,
702 3240 842 3312 tandem
861 3235 990 3316 ,sumite
1007 3236 1178 3327 animum,
1232 3307 1238 3326 ,

169 3349 171 3364 '
194 3343 231 3399 “‘
248 3376 320 3430 tam
337 3343 464 3456 quilius
481 3359 583 3450 salus,
610 3361 718 3458 quim
735 3359 862 3456 quibus
883 3355 996 3454 gloria
1013 3355 1180 3430 cariffima

204 3483 232 3520 “
250 3475 311 3549 est.
359 3479 608 3569 Trinobantes,
636 3478 765 3552 femina
789 3478 891 3566 duce,
919 3501 1063 3550 exurere
1084 3477 1179 3548 colo·

204 3603 232 3639 “
250 3595 361 3684 niam,
381 3599 719 3696 expugnarecastra,
743 3623 797 3686 ac,
825 3597 885 3668 nisr
908 3595 1046 3670 felicitas
1071 3596 1108 3668 in
1125 3595 1176 3667 so·
1239 3606 1243 3617 ‘

139 3749 144 3762 ·
203 3723 231 3762 '‘
250 3716 406 3790 cordiam
419 3717 595 3808 .vertiffet,
623 3743 747 3791 exuere
767 3714 896 3814 jugum
925 3717 1090 3814 pomdre:
1119 3724 1200 3784 nos'

204 3840 231 3880 “
250 3836 377 3938 integri
396 3841 429 3912 δι
447 3837 624 3927 indomiti,
653 3837 907 3914 &libertatem
935 3860 1005 3910 non
1034 3835 1070 3907 in
1096 3858 1182 3930 prae-

641 3957 719 4060 Za
