3076 4868
306 394 356 466 40
526 367 869 440 ciconum-1
896 366 1096 441 Tncrrt

304 539 431 628 sarem,
458 545 485 580 “
500 565 543 611 an
562 537 657 637 jussis
688 539 824 637 populi,
856 565 900 612 an
933 536 1127 619 auctoritati
1154 535 1287 614 senatln
1342 557 1344 561 ’

312 667 340 700 “
358 659 491 762 cederet
507 660 547 732 ?”
569 658 630 734 ubi
656 659 714 732 ille
740 667 767 702 “
786 685 898 733 unum
917 659 953 734 se
971 659 1116 749 civium,
1142 663 1175 734 δι
1198 685 1283 732 con·

311 775 464 850 “sensui
498 778 693 876 imparem”
729 779 917 879 respondit,
965 776 1157 878 “opperiri
1196 777 1287 852 intra

304 903 339 939 ·“
358 897 548 994 palatium”
564 897 690 996 jubet:
714 899 785 998 ipse
810 901 943 977 curiam
960 899 1169 1001 ingreditur,
1192 899 1285 974 sum·

309 1045 475 1118 mamque
495 1021 753 1119 rempublicam
777 1023 834 1122 agi
858 1023 1042 1113 obtestans,
1066 1020 1204 1096 veniam
1231 1019 1285 1094 di·
1374 1089 1379 1096 .

308 1140 411 1214 cendi
428 1157 507 1215 anre
524 1141 610 1216 alios
627 1141 795 1241 exposcit,
814 1144 1039 1242 orditurque:
1074 1141 1110 1185 “‘'
1120 1141 1283 1216 Graviffi·

310 1267 339 1303 “
356 1287 433 1335 mos
458 1262 632 1362 ‘Principis
661 1263 809 1357 labores',
840 1266 920 1364 quis
946 1269 1076 1343 orbem·
1103 1283 1199 1340 terrae
1226 1288 1285 1336 ca-

309 1389 338 1426 “
357 1385 478 1480 pellat,
509 1411 610 1484 egere
634 1385 866 1475 adminiculis,
896 1406 948 1478 ut,
978 1385 1168 1462 domestici
1205 1381 1287 1459 curi

310 1510 339 1546 “
357 1529 502 1594 vacuus,
532 1505 568 1576 in
597 1529 785 1577 commune
800 1503 990 1576 consulat:
1040 1508 1137 1600 quod
1182 1519 1294 1600 porro'

311 1631 339 1666 “
357 1623 532 1696 honestius
545 1621 705 1696 censoriae
727 1623 852 1698 mentis
872 1625 1046 1716 levamen,
1061 1623 1169 1721 quim
1185 1623 1286 1696 adsu-

311 1749 340 1785 “
359 1768 453 1816 mere
478 1741 667 1842 conjugem
701 1741 869 1842 prosperis
904 1742 1088 1844 dubiisque
1127 1743 1284 1818 sociam?

309 1869 340 1906 “
358 1863 420 1936 cui
433 1863 658 1964 cogitationes
674 1865 825 1957 intimas,
851 1865 908 1942 cui
935 1892 1058 1964 parvos
1076 1865 1201 1940 liberos
1217 1885 1285 1938 tra·

310 1991 338 2026 “
354 1985 436 2072 dat;
474 2011 546 2070 non
574 1985 689 2076 luxui,
716 2007 776 2060 aut
797 1987 1034 2086 voluptatibus
1057 1983 1284 2076 adsuefactus,

309 2104 413 2180 “sed
437 2107 498 2206 qui
523 2106 635 2206 primi
648 2108 703 2182 ab
724 2105 873 2206 juventi
901 2107 1037 2209 legibus
1063 2111 1285 2207 obtempera.

258 2255 262 2278 ·
310 2227 491 2302 “visset''
657 2225 658 2231 ’
709 2323 711 2328 ,

287 2431 290 2436 ,
358 2352 420 2423 Vl.
455 2353 677 2440 PoerrAnr
707 2354 784 2426 hac
807 2351 990 2428 favorabili
1018 2350 1177 2428 oratione·
1196 2375 1284 2448 pra-

309 2468 412 2558 mifit,
461 2471 640 2565 multaque
673 2489 812 2564 patrum
848 2471 1026 2544 assentatio
1054 2470 1283 2570 sequebatur;

306 2609 413 2696 cappo
441 2587 551 2660 rursus
572 2587 684 2680 initio,
711 2595 739 2630 “
752 2591 907 2687 Qiando
923 2589 1161 2662 maritandum
1183 2591 1284 2662 Prin-

310 2717 339 2752 “
357 2708 472 2803 cipem
499 2707 613 2781 cundi
637 2707 828 2801 suaderent,
853 2709 961 2808 deligi
984 2728 1144 2816 oportere
1182 2707 1283 2782 semi-

310 2833 338 2870 “
355 2851 437 2899 nam
467 2827 657 2922 nobilitate,
701 2830 901 2929 puerperiis,
930 2829 1155 2904 sanctimonia
1178 2830 1283 2930 infig-
1356 2824 1359 2834 ’

310 2953 338 3004 4‘
356 2973 449 3020 nem.
500 2952 578 3025 Nec
602 2952 665 3026 diu
688 2952 958 3052 anquirendum,
980 2951 1066 3050 quin
1085 2951 1287 3051 Agrippina

309 3067 562 3142 “claritudine
597 3073 730 3168 generis
759 3073 919 3147 anteiret:
953 3072 1078 3163 datum
1100 3077 1146 3148 ab
1170 3077 1210 3148 ei
1233 3071 1283 3148 fe-

233 3208 236 3217 “
310 3189 542 3262 “condicatis
578 3191 879 3288 experimentum
915 3199 1164 3294 &congruere
1196 3195 1284 3268 artes

309 3316 336 3352 “
356 3311 527 3384 honestas.
577 3312 621 3383 Id
654 3309 737 3384 veri>
763 3307 958 3411 egregium,
1000 3317 1111 3413 quod,
1144 3313 1298 3411 provisu·

310 3432 478 3523 “delim,
511 3430 619 3504 vidua
645 3430 851 3531 jungeretur
874 3433 1039 3532 Principi,
1065 3435 1123 3508 sua
1145 3433 1285 3508 tantum

310 3549 577 3656 “matrimonia
607 3571 776 3649 experto:
813 3553 977 3628 audiville
1011 3581 1033 3626 a
1068 3552 1282 3649 parentibus,
1352 3560 1354 3566 ’

287 3689 289 3695 ’
310 3678 338 3714 “
356 3671 479 3744 vidiffe
490 3671 592 3770 ipsos,
607 3672 711 3770 arripi
725 3670 889 3774 conjuges
906 3675 952 3775 ad
974 3673 1072 3748 libita
1087 3671 1282 3748 Caesarum:

308 3799 336 3835 “
354 3795 476 3891 procul
489 3791 926 3893 idapraesentimodestia:
952 3794 1150 3878 statueretur
1170 3793 1292 3870 immo·
