3006 4866
346 403 422 484 342,
573 379 1138 460 C.Connnarr'1⁴nert1

347 563 375 600 ‘⁸
392 553 497 632 sentid
512 555 624 648 laturi,
643 557 757 655 primo
782 557 897 632 statim
914 527 1094 658 congressu
1111 581 1189 630 non
1214 547 1353 630 osten*

348 681 377 722 “
392 679 514 748 damus
531 701 619 774 quos
636 678 697 752 fibi
713 679 904 752 Caledonia
921 678 1011 753 viros
1026 676 1220 776 seposuerit
1237 673 1286 749 ?’'

395 797 551 870 XXXII.
589 803 617 840 “
642 803 706 872 Au
724 801 883 874 eamdem
902 797 1073 874 Romanis
1089 798 1127 870 in
1142 799 1254 872 bello
1273 795 1345 868 vir·

319 913 326 926 ’
347 923 375 960 “
392 935 518 1006 tutem,
540 915 650 1014 q'uam
669 919 706 992 in
728 939 813 1018 pace
837 919 1008 1005 lasciviam
1029 919 1141 992 adeffe
1158 915 1342 992 creditis?

347 1043 375 1078 “
393 1035 531 1110 Nostris
542 1037 592 1110 illi
609 1039 868 1114 dissensionibus
883 1066 923 1114 ac
939 1035 1117 1113 discordiis
1130 1037 1240 1128 clari,
1257 1035 1351 1108 vitia

350 1163 378 1200 “
397 1152 546 1230 hostiu'm
562 1157 599 1230 in
616 1160 760 1256 gloriam
777 1160 947 1259 exercitus
964 1159 1014 1233 sui
1031 1177 1172 1232 vertunt
1191 1187 1202 1230 :
1228 1181 1344 1256 quem

347 1281 375 1323 ‘¹
392 1279 609 1352 contrabium
623 1305 667 1354 ex
681 1275 908 1354 diversrsfimis
925 1279 1102 1379 gentibus,
1116 1299 1154 1352 ut
1166 1277 1345 1352 secunda

349 1405 376 1442 “
394 1418 447 1472 res
461 1418 594 1490 tenent,
611 1399 657 1472 ita
673 1400 819 1474 adversa
836 1401 1044 1474 dissolvent:
1071 1401 1131 1474 nifi
1148 1404 1172 1473 s1
1191 1400 1342 1487 Gallos,

349 1525 378 1565 ‘⁸
397 1521 650 1608 &Germanos,
670 1523 705 1594 δι
724 1522 850 1617 (pudet
861 1520 975 1615 diuo)
994 1519 1247 1611 Britannorum
1267 1517 1342 1616 pse-

347 1648 376 1686 “
393 1639 531 1736 rosque,
548 1639 625 1712 licdt
638 1639 866 1712 dominationi
878 1639 998 1711 aliona
1011 1638 1219 1737 sanguinem
1236 1664 1342 1712 com·

247 1803 258 1822 t
346 1767 374 1803 “
391 1759 550 1846 modent,
569 1757 698 1829 diutids
715 1777 831 1828 tamen
847 1755 959 1830 hostes
976 1758 1085 1852 quim
1097 1756 1238 1848 servos,
1267 1739 1343 1832 fide

276 1887 280 1900 '
348 1855 429 1950 ἅδε
457 1875 581 1949 affediu
609 1875 720 1949 teneri
750 1874 898 1972 putatis:
928 1895 1041 1950 metus
1067 1880 1243 1949 &terror
1276 1877 1340 1966 est,

347 2005 374 2044 “
392 1997 531 2070 infirma
543 1996 683 2070 vincula
692 1994 864 2069 caritatis:
885 2021 962 2093 quae
974 1999 1038 2069 ubi
1051 1996 1263 2090 removeris,
1279 1989 1354 2094 qui⁴
1446 2093 1447 2096 Ἴ

349 2117 518 2191 “timere
546 2115 718 2206 desierint,
747 2113 854 2189 odisse
877 2115 1055 2212 incipient.
1103 2116 1239 2190 Omnia
1263 2116 1337 2188 vic·

276 2226 283 2348 Ἰ
315 2219 328 2327 ’,
349 2241 376 2284 “
394 2239 489 2314 toriae
518 2237 743 2311 incitamenta
771 2261 834 2334 pro
859 2235 961 2310 nobis
987 2235 1089 2309 sunt:
1115 2238 1224 2310 nullae
1258 2239 1335 2320 Ro-

349 2367 517 2432 “manos
540 2355 706 2455 conjuges
730 2357 948 2430 accenduntr
979 2358 1067 2430 nulli
1091 2378 1254 2456 parentes
1279 2356 1332 2430 fu·

350 2484 379 2521 '‘
399 2501 482 2574 gam
500 2477 740 2574 exprobraturi
756 2475 856 2550 sunt:
881 2497 941 2551 aut
958 2479 1053 2552 nulla
1072 2478 1247 2575 plerisque
1271 2501 1331 2574 pa·

348 2604 377 2642 “
394 2597 471 2685 tria,
497 2615 556 2670 aut
574 2595 726 2670 aliaest:
757 2619 887 2693 paucos
908 2622 1071 2700 numero,
1099 2597 1235 2672 circum
1261 2617 1328 2668 tre-

314 2726 318 2732 '
350 2726 378 2762 “
389 2717 501 2815 pidos
519 2715 725 2813 ignorantia,
743 2718 868 2790 caelum
885 2716 1011 2814 ipsum,
1033 2745 1074 2794 ae
1092 2744 1200 2810 mare,
1223 2723 1258 2793 ὅτ
1276 2718 1326 2790 fil-

349 2846 377 2904 ‘,‘
395 2863 469 2928 vau,
483 2838 601 2934 ignota
613 2836 730 2910 omnia
739 2835 1074 2934 circumspedtantes,
1089 2837 1232 2912 clausos
1239 2861 1323 2936 quo-

350 2966 378 3004 “
397 2957 590 3032 dammodo
605 2981 645 3030 ac
662 2957 797 3030 vindos
814 2957 862 3030 dii
880 2957 979 3031 nobis
996 2957 1223 3058 tradiderunt.
1271 2957 1326 3030 Ne
1446 3013 1447 3054 q

348 3087 377 3132 ‘⁶
396 3064 517 3154 terreat
533 3100 642 3152 vanus
668 3076 836 3174 aspertus,
862 3081 895 3149 &
912 3077 985 3150 auri
1001 3075 1117 3175 fulgor
1140 3098 1247 3176 atque
1271 3099 1321 3148 ar-

349 3207 377 3246 “
398 3201 506 3296 genti,
538 3200 634 3295 quod
659 3221 773 3295 neque
794 3195 894 3295 tegit,
924 3222 1037 3294 neque
1063 3200 1236 3271 vulnerat.
1282 3197 1320 3268 In

304 3322 305 3331 ’
346 3324 376 3364 “
392 3319 465 3414 ipssa
498 3319 650 3393 hostium
672 3316 745 3390 acie
773 3315 989 3392 inveniemus
1020 3317 1148 3391 nostras
1177 3329 1318 3391 manus:

349 3444 378 3481 “
398 3435 583 3534 agnoscent
593 3437 743 3511 Britanni
759 3436 854 3510 suam
871 3435 1031 3511 causam:
1050 3439 1317 3512 recordabuntur

335 3552 377 3600 '“
395 3555 488 3628 Galli
513 3535 663 3652 rariorem
687 3557 905 3630 libertatem:
937 3557 1090 3632 deserent
1116 3558 1193 3632 illos
1222 3550 1315 3632 ceteri
1446 3573 1447 3654 r

350 3686 377 3720 “
396 3675 575 3764 Germani,
610 3696 791 3774 tamquam
820 3702 931 3773 nuper
959 3677 1071 3774 Ufipii
1098 3678 1314 3776 reliquerunt:
1446 3657 1447 3686 ³

349 3806 376 3842 “
397 3801 475 3881 Nee
507 3794 702 3895 quidquam
735 3795 822 3870 ultrix
856 3795 1076 3873 formidinis.
1114 3823 1221 3873 vacua
1249 3790 1311 3870 cas-

1406 4655 1447 4834 n
