3006 4866
468 417 883 496 Gannnnrm
1095 444 1166 526 3η

238 593 429 671 XXXVII.
456 599 637 672 Eunoaru
661 575 857 673 Ge'rmaniae
885 602 987 674 situm
1016 601 1170 698 proximi

190 722 334 793 Oceano
360 718 497 792 Cimbri
523 739 657 809 tenent,
687 747 794 818 parva
821 719 915 794 nunc
940 719 1076 812 civitas,
1112 721 1170 796 sed
1263 769 1266 773 -

191 841 301 938 gloria
319 840 467 937 ingens:
493 838 688 938 veterisque
712 839 814 913 famae
838 841 904 914 late
928 841 1071 940 vestigia
1096 868 1170 915 ma-

187 981 284 1050 nent,
311 961 458 1056 utrbque
485 959 561 1056 ripfi
584 960 705 1050 castra,
724 987 763 1034 ac
783 959 902 1057 spatia,
922 989 1073 1060 quorum
1094 989 1170 1036 am-

188 1083 267 1154 bitu
284 1105 377 1154 nunc
396 1105 539 1178 quoque
560 1080 709 1177 metiaris
725 1083 855 1154 molem
880 1081 1068 1181 manusque
1085 1109 1171 1182 gen-

188 1201 247 1292 tis,
280 1208 314 1275 δι
341 1221 415 1274 tarn
444 1199 565 1298 magni
596 1201 912 1276 exercitfisfidem.
962 1206 1173 1278 Sexcentesr·

188 1348 289 1396 mum
308 1327 341 1394 &
366 1323 673 1420 quadragefimum
694 1348 835 1394 annum
850 1326 945 1398 Urbs
962 1309 1074 1398 nostra
1089 1321 1191 1424 age·'

189 1444 263 1534 bat,
289 1441 543 1539 cumprimum
561 1441 788 1516 Cimbrorum
814 1445 933 1518 audita
949 1427 1035 1520 ¹sunt
1062 1472 1172 1536 arma,

189 1561 332 1636 Caecilio
365 1547 585 1636 Metelloac
610 1563 748 1660 Papirio
773 1565 935 1639 Carbone
963 1564 1183 1640 consulibua'

191 1685 249 1756 Ex
267 1709 339 1781 quo
363 1687 386 1756 fi
414 1683 459 1756 ad
479 1683 627 1766 alterum
644 1686 867 1780 Imperatoris
883 1685 1024 1785 Trajani
1049 1685 1174 1760 consu·
1202 1709 1204 1716 ·

189 1806 300 1877 larum
316 1821 574 1900 computemus,
602 1803 744 1875 ducenti
760 1804 868 1877 ferme
892 1807 1068 1880 &decem
1091 1805 1176 1880 anni

190 1924 420 2024 colliguntur:
453 1922 587 1996 tamdiu
616 1924 806 1996 Germania
828 1925 989 1998 vincitur.
1047 1925 1175 2002 Medio

190 2062 263 2148 tam
282 2041 379 2141 longi
396 2041 464 2114 aevi
480 2041 603 2139 spatio,
623 2045 734 2116 multa
751 2037 903 2116 invicem
919 2045 1059 2118 damna.
1087 2049 1174 2120 Non

189 2162 338 2254 Samnis,
354 2189 438 2235 xnon
454 2162 572 2253 Poeni,
596 2189 667 2236 non
693 2162 888 2262 Hispaniae,
917 2165 1104 2254 Galliaeve,
1130 2189 1177 2238 ne

189 2285 308 2360 Parthi
334 2283 480 2382 quidem
496 2281 618 2380 saepiirs
641 2284 882 2358 admonuere:
910 2285 1043 2384 quippe
1063 2310 1175 2382 regno
1282 2325 1286 2344 ν

193 2405 330 2480 Arsacis
364 2403 474 2478 acrior
501 2403 835 2478 est·Germanorum
864 2403 1015 2478 libertas.
1076 2406 1176 2504 Qud

120 2538 124 2556 ⁸
192 2519 285 2600 enirn
302 2524 397 2599 aliud
411 2513 530 2616 nobis,
557 2526 666 2623 quarn
689 2527 823 2600 caedem
839 2526 959 2616 Crassi,
990 2525 1111 2600 amiffo
1140 2531 1186 2608 δε,

192 2646 263 2744 ipse
279 2649 424 2736 Pacor0,
447 2645 535 2720 infra
550 2646 756 2720 Ventidium
772 2645 923 2744 dejestus
939 2646 1062 2720 Oriens
1079 2646 1173 2746 obje·
1196 2690 1197 2698 κ

192 2769 300 2842 cerit?
353 2774 403 2841 At
419 2766 588 2840 Germani
604 2769 778 2857 Carbone,
804 2772 837 2840 ὃς
854 2765 980 2858 Caffio,
1001 2771 1033 2840 ὅτ
1051 2769 1178 2841 Scauro

195 2887 353 2976 Aurelio,
374 2891 407 2960 ἃ
425 2885 571 2960 Servilio
588 2887 769 2986 Caepione‚
793 2888 859 2960 Cn.
878 2913 1019 2986 quoque
1037 2883 1177 2962 Manlio
1204 2949 1208 2962 .

195 3007 288 3100 fusis,
315 3010 373 3080 vel
389 3008 511 3106 captis,
538 3009 694 3107 quinque
712 3011 812 3084 fimul
834 3006 1025 3098 consulares
1044 3009 1178 3082 exerci-

84 3211 89 3220 ,
195 3150 253 3201 tus
279 3130 411 3226 populo
436 3132 615 3220 Romano,
634 3133 778 3221 Varum,
806 3128 941 3230 tresque
958 3155 1040 3202 cum
1063 3155 1105 3202 eo
1128 3131 1178 3202 le·

113 3323 116 3330 .
197 3248 333 3348 giones‚
360 3249 463 3322 etiam
480 3248 600 3322 caesari
616 3251 856 3324 abstulerunt:
881 3275 945 3322 nec
970 3249 1117 3347 impune
1134 3253 1178 3324 C.

195 3369 331 3443 Marius
347 3369 382 3442 in
399 3371 511 3460 Italia,
539 3369 641 3448 divus
658 3371 770 3466 Julius
787 3370 822 3443 in
841 3371 966 3460 Gallia,
986 3371 1118 3444 Drusus
1137 3396 1179 3444 ac

196 3492 294 3564 Nero
320 3495 353 3562 &
372 3491 600 3565 Germanicus
622 3492 657 3564 in
682 3490 747 3565 suis
772 3517 830 3564 eos
857 3491 993 3564 sedibus
1022 3494 1178 3589 percule-

197 3632 289 3684 runt.
318 3615 414 3685 Mox
432 3612 591 3712 ingentes
604 3613 645 3684 C.
658 3609 798 3685 Caesaris
815 3610 920 3708 minae
938 3611 974 3682 in
987 3609 1180 3686 ludibrium

196 3732 309 3806 versae.
371 3733 459 3806 Inde
490 3732 615 3823 otium,
646 3734 759 3806 donec
793 3734 972 3836 occafione
1002 3729 1181 3830 discordias

135 3845 158 3908 Ἰ
196 3852 314 3927 nostrae
334 3859 367 3928 &
385 3853 543 3929 civilium
559 3879 747 3944 armorum,
775 3852 981 3950 expugnatis
999 3853 1180 3948 legionum
