3126 4864
331 352 401 450 178
550 349 591 426 C.
615 349 854 454 Connactr
878 348 1059 456 Tacrrr
1164 452 1168 458 Ι

322 531 539 622 “quantum
571 525 714 600 Volusio
745 507 854 625 longa
879 523 1098 624 parcimonia
1131 525 1304 624 qualitit,

291 747 294 752 ,
322 653 351 689 “
367 663 504 716 tantum
520 643 554 716 in
575 663 611 718 te
635 671 715 720 mea
729 645 913 722 liberalitas
930 647 1073 746 explere
1090 671 1162 720 non
1179 647 1304 750 potest.
1406 643 1409 648 ’

248 858 253 867 ¹
321 771 349 818 ‘·‘
402 762 476 856 uin,
507 768 530 838 st
561 767 630 864 qul
662 767 699 840 in
733 787 829 866 parte
857 765 1033 844 lubricum
1066 767 1302 850 adolescentia

322 890 350 927 “
367 885 492 960 nostrae
524 886 690 979 declinat,
733 914 889 982 revocas,
931 907 1164 988 ornatumque
1198 890 1307 966 robur

322 1011 350 1048 “
367 1003 518 1081 subfidio
537 993 724 1106 imnensrds
748 1011 852 1110 regis.
878 1009 990 1086 'Non
1011 1031 1074 1086 tua
1097 1007 1304 1098 moderatio,

322 1134 351 1171 “
370 1131 394 1202 fi
411 1129 600 1204 reddideris
616 1132 827 1229 pecuniam
854 1159 919 1208 nec
937 1131 1050 1233 quies,
1076 1136 1100 1208 fi
1125 1123 1306 1229 reliqueris

322 1255 350 1292 ‘⁴
370 1244 597 1352 Principem3
632 1253 692 1332 sed
708 1280 786 1334 mea
802 1255 959 1348 avaritia,
985 1281 1073 1330 meae
1091 1249 1304 1330 crudelitatis

268 1375 271 1398 ¹
319 1377 350 1416 ⁴‘
368 1393 483 1450 metus
501 1375 539 1450 in
555 1403 615 1452 ore
632 1362 793 1452 omnium
810 1375 1010 1456 versabitur.
1036 1375 1148 1474 Quid
1165 1377 1188 1448 st
1205 1396 1307 1448 max·

321 1499 351 1538 “
368 1493 440 1568 ime
458 1496 671 1579 continentia
685 1515 748 1570 tua
763 1498 937 1583 laudetur,
965 1521 1038 1568 non
1068 1503 1189 1568 'tamen
1217 1491 1308 1590 sapi-

266 1647 267 1650 *
322 1619 351 1660 “
368 1613 440 1688 enti
457 1615 535 1688 viro
551 1615 723 1690 decorum
740 1613 856 1704 fuerit,
875 1614 971 1689 unde
986 1611 1100 1687 amico
1122 1611 1307 1686 ittfamiam

321 1739 349 1776 “
367 1753 479 1830 paret,
503 1733 587 1806 inde
605 1733 755 1830 gloriam
772 1732 835 1812 fibi
851 1731 1042 1830 recipere.”
1090 1729 1162 1811 His
1188 1728 1308 1830 adjicit

235 1944 245 1959 „
319 1853 549 1950 complexum
567 1857 601 1930 bt
619 1850 749 1944 oscula,
774 1851 883 1929 fanus
900 1833 1036 1943 natural,
1061 1857 1096 1926 dc
1122 1847 1307 1926 consuetu·

283 2037 288 2062 ,
318 1973 402 2050 dine
418 1973 605 2064 exercitus,
636 1975 752 2048 velare
780 1973 904 2048 odium
920 1972 1102 2048 fallacibus
1119 1970 1308 2052 blanditiis.

318 2096 448 2168 Seneca
475 2093 558 2192 (qui
579 2093 658 2170 linis
674 2093 836 2170 omnium
853 2121 937 2170 cum
952 2073 1160 2173 dominante
1175 2091 1307 2168 lermo-
1326 2168 1329 2173 ,

319 2219 428 2314 num)
455 2236 571 2316 grates
597 2215 693 2316 agit:
718 2214 780 2290 sed
806 2215 961 2292 instituta
990 2215 1111 2314 prioris
1141 2213 1309 2316 potentiae

320 2357 535 2416 commutat:
563 2337 724 2436 prohibet
741 2357 855 2412 coetus
871 2335 1114 2412 salutantium:
1142 2336 1228 2420 vitat
1245 2362 1306 2415 co-

320 2460 505 2537 mitantes:
534 2483 629 2536 rarus
648 2485 710 2558 per
725 2461 866 2534 Urbem
877 2488 889 2546 ;
917 2461 1012 2557 quali
1029 2459 1231 2534 valetudine
1252 2458 1306 2534 in·
1371 2486 1376 2496 ·

319 2581 430 2672 sensa,
457 2599 518 2656 aut
533 2578 707 2677 sapientia
724 2579 842 2668 studiis
858 2578 958 2655 domi
974 2577 1188 2652 attineretur.

338 2704 479 2778 LVII.
505 2703 712 2776 Pencurso
730 2701 872 2792 Seneca,
899 2719 1104 2798 promptum
1131 2695 1198 2772 fuit
1226 2701 1308 2774 Ru·
1425 2759 1430 2766 .

321 2823 399 2900 fum
428 2822 578 2898 Fenium
595 2820 818 2928 imminuere,
835 2820 1041 2927 Agrippina
1060 2817 1262 2896 amicitiam
1270 2821 1308 2894 in

321 2971 365 3020 eo
383 2941 657 3018 criminantibus.
697 2941 924 3042 Validiorque
941 2941 1067 3018 indies
1083 2939 1309 3042 Tigellinum

322 3074 357 3142 bc
375 3067 485 3140 malas
501 3082 602 3154 artes,
627 3062 757 3161 quibus
774 3062 852 3138 solis
867 3065 1037 3162 pollebat,
1063 3049 1230 3163 gratiores
1253 3051 1307 3137 ta*-

320 3207 391 3276 tus,
418 3189 441 3258 fi
471 3182 672 3281 Principem
692 3182 859 3270 societate·
872 3183 1040 3260 scelerum
1062 3184 1309 3286 obstringeret,

321 3326 450 3400 metus¹
471 3302 543 3404 ejus
576 3303 745 3378 rimatur:
783 3289 1036 3405 compertoque
1071 3307 1238 3382 Plautum
1274 3307 1310 3378 a

320 3429 454 3502 Sbllam
471 3424 630 3530 maxime
644 3424 771 3516 timeri,
788 3426 955 3501 Plautum
972 3426 1009 3502 in
1028 3431 1163 3517 Asiam,
1176 3426 1309 3500 Sullam

322 3550 360 3623 in
389 3547 542 3622 Galliam
559 3545 825 3624 Narbonensem
843 3573 954 3646 nuper
969 3567 1129 3624 amotos:
1159 3553 1187 3608 ‘⁵
1200 3543 1309 3618 nobi·

324 3678 352 3716 “
371 3669 504 3746 litatem
520 3693 656 3758 eorum,
677 3672 712 3742 δι
730 3667 950 3770 propinquos
967 3669 1051 3744 huic
1066 3665 1235 3756 Orientis,
1256 3664 1309 3739 illi

324 3789 568 3906 “NGermaniae
603 3788 800 3868 exercitur
836 3807 1107 3872 commemorat.
1167 3796 1195 3885 ξ’
1220 3787 1310 3874 Non
