<?xml version="1.0" encoding="UTF-8"?>
<!DOCTYPE html PUBLIC "-//W3C//DTD XHTML 1.0 Transitional//EN"
    "http://www.w3.org/TR/xhtml1/DTD/xhtml1-transitional.dtd">
<html xmlns="http://www.w3.org/1999/xhtml" xml:lang="en" lang="en">
 <head>
  <title>
</title>
<meta http-equiv="Content-Type" content="text/html;charset=utf-8" />
  <meta name='ocr-system' content='tesseract 3.04.00' />
  <meta name='ocr-capabilities' content='ocr_page ocr_carea ocr_par ocr_line ocrx_word'/>
</head>
<body>
  <div class='ocr_page' id='page_1' title='image "./ccorneliitaciti03freigoog_0116.png"; bbox 0 0 3126 4864; ppageno 0'>
   <div class='ocr_carea' id='block_1_1' title="bbox 457 321 1242 460">
    <p class='ocr_par' dir='ltr' id='par_1_1' title="bbox 457 321 1242 460">
     <span class='ocr_line' id='line_1_1' title="bbox 457 321 1242 460; baseline -0.019 -23"><span class='ocrx_word' id='word_1_1' title='bbox 457 321 762 436; x_wconf 68' lang='lat' dir='ltr'>dnnnaruu</span> <span class='ocrx_word' id='word_1_2' title='bbox 796 355 906 432; x_wconf 82' lang='lat' dir='ltr'>L1s.</span> <span class='ocrx_word' id='word_1_3' title='bbox 939 356 1039 434; x_wconf 86' lang='lat' dir='ltr'><strong>XIII.</strong></span> <span class='ocrx_word' id='word_1_4' title='bbox 1148 385 1242 460; x_wconf 71' lang='lat'>..113</span> 
     </span>
    </p>
   </div>
   <div class='ocr_carea' id='block_1_2' title="bbox 261 514 1242 1114">
    <p class='ocr_par' dir='ltr' id='par_1_2' title="bbox 261 514 1242 1114">
     <span class='ocr_line' id='line_1_2' title="bbox 268 514 1242 633; baseline 0 -25"><span class='ocrx_word' id='word_1_5' title='bbox 268 514 388 608; x_wconf 72' lang='lat' dir='ltr'>militiai</span> <span class='ocrx_word' id='word_1_6' title='bbox 413 557 475 630; x_wconf 91' lang='lat' dir='ltr'>per</span> <span class='ocrx_word' id='word_1_7' title='bbox 491 533 623 632; x_wconf 89' lang='lat' dir='ltr'>oppida</span> <span class='ocrx_word' id='word_1_8' title='bbox 639 535 788 632; x_wconf 62' lang='lat' dir='ltr'>expletb.</span> <span class='ocrx_word' id='word_1_9' title='bbox 838 533 952 633; x_wconf 83' lang='lat' dir='ltr'><strong>Igitur</strong></span> <span class='ocrx_word' id='word_1_10' title='bbox 978 532 1133 624; x_wconf 76' lang='lat' dir='ltr'>dimissis,</span> <span class='ocrx_word' id='word_1_11' title='bbox 1165 533 1242 632; x_wconf 92' lang='lat' dir='ltr'>qui-</span> 
     </span>
     <span class='ocr_line' id='line_1_3' title="bbox 266 651 1237 752; baseline -0.004 -20"><span class='ocrx_word' id='word_1_12' title='bbox 266 656 331 732; x_wconf 92' lang='lat' dir='ltr'>bus</span> <span class='ocrx_word' id='word_1_13' title='bbox 364 651 509 743; x_wconf 73' lang='lat' dir='ltr'>senecta,</span> <span class='ocrx_word' id='word_1_14' title='bbox 541 675 600 728; x_wconf 91' lang='lat' dir='ltr'>aut</span> <span class='ocrx_word' id='word_1_15' title='bbox 622 656 787 728; x_wconf 86' lang='lat' dir='ltr'>valetudo</span> <span class='ocrx_word' id='word_1_16' title='bbox 815 653 954 728; x_wconf 89' lang='lat' dir='ltr'>adversa</span> <span class='ocrx_word' id='word_1_17' title='bbox 980 675 1065 745; x_wconf 91' lang='lat' dir='ltr'>erat,</span> <span class='ocrx_word' id='word_1_18' title='bbox 1084 653 1237 752; x_wconf 84' lang='lat' dir='ltr'>¹supple·</span> 
     </span>
     <span class='ocr_line' id='line_1_4' title="bbox 263 771 1237 881; baseline 0.002 -35"><span class='ocrx_word' id='word_1_19' title='bbox 263 794 423 850; x_wconf 87' lang='lat' dir='ltr'><strong>mentum</strong></span> <span class='ocrx_word' id='word_1_20' title='bbox 441 775 576 873; x_wconf 88' lang='lat' dir='ltr'>petivit.</span> <span class='ocrx_word' id='word_1_21' title='bbox 629 777 676 848; x_wconf 86' lang='lat' dir='ltr'>Et</span> <span class='ocrx_word' id='word_1_22' title='bbox 692 771 799 881; x_wconf 82' lang='lat' dir='ltr'>habiti</span> <span class='ocrx_word' id='word_1_23' title='bbox 818 799 877 871; x_wconf 92' lang='lat' dir='ltr'>per</span> <span class='ocrx_word' id='word_1_24' title='bbox 894 774 1069 850; x_wconf 83' lang='lat' dir='ltr'>Galatiam</span> <span class='ocrx_word' id='word_1_25' title='bbox 1086 801 1127 848; x_wconf 86' lang='lat' dir='ltr'>ac</span> <span class='ocrx_word' id='word_1_26' title='bbox 1143 775 1237 872; x_wconf 88' lang='lat' dir='ltr'>Cap-</span> 
     </span>
     <span class='ocr_line' id='line_1_5' title="bbox 262 892 1241 993; baseline 0.001 -26"><span class='ocrx_word' id='word_1_27' title='bbox 262 895 450 992; x_wconf 88' lang='lat' dir='ltr'>padociam</span> <span class='ocrx_word' id='word_1_28' title='bbox 484 896 649 968; x_wconf 72' lang='lat' dir='ltr'>detectus.</span> <span class='ocrx_word' id='word_1_29' title='bbox 716 892 935 993; x_wconf 71' lang='lat' dir='ltr'>Adjeslaque</span> <span class='ocrx_word' id='word_1_30' title='bbox 968 921 1013 974; x_wconf 78' lang='lat' dir='ltr'>ex</span> <span class='ocrx_word' id='word_1_31' title='bbox 1051 893 1241 968; x_wconf 77' lang='lat' dir='ltr'>Germania</span> 
     </span>
     <span class='ocr_line' id='line_1_6' title="bbox 261 1014 1239 1114; baseline -0.006 -22"><span class='ocrx_word' id='word_1_32' title='bbox 261 1015 368 1114; x_wconf 83' lang='lat' dir='ltr'>legin,</span> <span class='ocrx_word' id='word_1_33' title='bbox 396 1042 480 1090; x_wconf 91' lang='lat' dir='ltr'>curn</span> <span class='ocrx_word' id='word_1_34' title='bbox 504 1014 678 1112; x_wconf 89' lang='lat' dir='ltr'>equitibus</span> <span class='ocrx_word' id='word_1_35' title='bbox 705 1015 830 1104; x_wconf 88' lang='lat' dir='ltr'>alariis,</span> <span class='ocrx_word' id='word_1_36' title='bbox 860 1021 893 1088; x_wconf 75' lang='grc' dir='ltr'>δι</span> <span class='ocrx_word' id='word_1_37' title='bbox 927 1016 1081 1112; x_wconf 85' lang='lat' dir='ltr'>peditatu</span> <span class='ocrx_word' id='word_1_38' title='bbox 1114 1016 1239 1088; x_wconf 91' lang='lat' dir='ltr'>cohor·</span> 
     </span>
    </p>
   </div>
   <div class='ocr_carea' id='block_1_3' title="bbox 260 1134 1364 1242">
    <p class='ocr_par' dir='ltr' id='par_1_3' title="bbox 260 1134 1364 1242">
     <span class='ocr_line' id='line_1_7' title="bbox 260 1134 1364 1242; baseline 0 -34"><span class='ocrx_word' id='word_1_39' title='bbox 260 1134 375 1212; x_wconf 89' lang='lat' dir='ltr'>tium:</span> <span class='ocrx_word' id='word_1_40' title='bbox 403 1134 623 1232; x_wconf 85' lang='lat' dir='ltr'>retentusque</span> <span class='ocrx_word' id='word_1_41' title='bbox 646 1134 760 1242; x_wconf 85' lang='lat' dir='ltr'>omnis</span> <span class='ocrx_word' id='word_1_42' title='bbox 790 1134 962 1208; x_wconf 86' lang='lat' dir='ltr'>exercitus</span> <span class='ocrx_word' id='word_1_43' title='bbox 990 1135 1053 1210; x_wconf 94' lang='lat' dir='ltr'>sub</span> <span class='ocrx_word' id='word_1_44' title='bbox 1075 1135 1237 1232; x_wconf 89' lang='lat' dir='ltr'>pellibus,</span> <span class='ocrx_word' id='word_1_45' title='bbox 1358 1213 1364 1220; x_wconf 58' lang='lat'><strong><em>‚</em></strong></span> 
     </span>
    </p>
   </div>
   <div class='ocr_carea' id='block_1_4' title="bbox 154 1252 1252 2307">
    <p class='ocr_par' dir='ltr' id='par_1_4' title="bbox 154 1252 1252 2307">
     <span class='ocr_line' id='line_1_8' title="bbox 154 1252 1240 1354; baseline -0.002 -26"><span class='ocrx_word' id='word_1_46' title='bbox 154 1252 158 1258; x_wconf 74' lang='grc'>’</span> <span class='ocrx_word' id='word_1_47' title='bbox 262 1255 425 1353; x_wconf 90' lang='lat' dir='ltr'>quamvis</span> <span class='ocrx_word' id='word_1_48' title='bbox 437 1255 555 1354; x_wconf 43' lang='lat' dir='ltr'>,bieme</span> <span class='ocrx_word' id='word_1_49' title='bbox 572 1252 656 1330; x_wconf 70' lang='lat' dir='ltr'>saevd</span> <span class='ocrx_word' id='word_1_50' title='bbox 672 1253 774 1344; x_wconf 73' lang='lat' dir='ltr'>adei),</span> <span class='ocrx_word' id='word_1_51' title='bbox 803 1274 842 1325; x_wconf 95' lang='lat' dir='ltr'>ut</span> <span class='ocrx_word' id='word_1_52' title='bbox 854 1255 1007 1327; x_wconf 70' lang='lat' dir='ltr'>obducta</span> <span class='ocrx_word' id='word_1_53' title='bbox 1025 1255 1147 1352; x_wconf 85' lang='lat' dir='ltr'>glacie,</span> <span class='ocrx_word' id='word_1_54' title='bbox 1178 1254 1240 1327; x_wconf 74' lang='lat' dir='ltr'>nist</span> 
     </span>
     <span class='ocr_line' id='line_1_9' title="bbox 262 1373 1240 1471; baseline -0.001 -23"><span class='ocrx_word' id='word_1_55' title='bbox 262 1376 381 1451; x_wconf 86' lang='lat' dir='ltr'>effoffa</span> <span class='ocrx_word' id='word_1_56' title='bbox 397 1376 538 1463; x_wconf 92' lang='lat' dir='ltr'>humus,</span> <span class='ocrx_word' id='word_1_57' title='bbox 558 1373 709 1450; x_wconf 92' lang='lat' dir='ltr'>tentoriis</span> <span class='ocrx_word' id='word_1_58' title='bbox 726 1376 843 1450; x_wconf 91' lang='lat' dir='ltr'>Iocum</span> <span class='ocrx_word' id='word_1_59' title='bbox 857 1399 928 1448; x_wconf 91' lang='lat' dir='ltr'>non</span> <span class='ocrx_word' id='word_1_60' title='bbox 941 1377 1119 1471; x_wconf 76' lang='lat' dir='ltr'>praberet.</span> <span class='ocrx_word' id='word_1_61' title='bbox 1150 1381 1240 1450; x_wconf 89' lang='lat' dir='ltr'>Arn-</span> 
     </span>
     <span class='ocr_line' id='line_1_10' title="bbox 260 1475 1240 1592; baseline -0.002 -24"><span class='ocrx_word' id='word_1_62' title='bbox 260 1495 349 1570; x_wconf 92' lang='lat' dir='ltr'>busti</span> <span class='ocrx_word' id='word_1_63' title='bbox 366 1497 558 1574; x_wconf 87' lang='lat' dir='ltr'>multorum</span> <span class='ocrx_word' id='word_1_64' title='bbox 581 1515 675 1567; x_wconf 91' lang='lat' dir='ltr'>artus</span> <span class='ocrx_word' id='word_1_65' title='bbox 694 1493 728 1566; x_wconf 92' lang='lat' dir='ltr'>vi</span> <span class='ocrx_word' id='word_1_66' title='bbox 745 1475 897 1592; x_wconf 87' lang='lat' dir='ltr'>frigoris,</span> <span class='ocrx_word' id='word_1_67' title='bbox 926 1499 959 1566; x_wconf 73' lang='lat' dir='ltr'>u</span> <span class='ocrx_word' id='word_1_68' title='bbox 983 1493 1126 1590; x_wconf 83' lang='lat' dir='ltr'>quidam</span> <span class='ocrx_word' id='word_1_69' title='bbox 1153 1494 1240 1572; x_wconf 87' lang='lat' dir='ltr'>inter</span> 
     </span>
     <span class='ocr_line' id='line_1_11' title="bbox 259 1612 1236 1718; baseline 0 -30"><span class='ocrx_word' id='word_1_70' title='bbox 259 1614 424 1688; x_wconf 85' lang='lat' dir='ltr'>excubias</span> <span class='ocrx_word' id='word_1_71' title='bbox 458 1613 645 1688; x_wconf 87' lang='lat' dir='ltr'>exanimati</span> <span class='ocrx_word' id='word_1_72' title='bbox 674 1613 763 1688; x_wconf 86' lang='lat' dir='ltr'>sunt.</span> <span class='ocrx_word' id='word_1_73' title='bbox 826 1612 1093 1718; x_wconf 86' lang='lat' dir='ltr'>Adnotatusque</span> <span class='ocrx_word' id='word_1_74' title='bbox 1122 1613 1236 1704; x_wconf 90' lang='lat' dir='ltr'>miles,</span> 
     </span>
     <span class='ocr_line' id='line_1_12' title="bbox 258 1733 1237 1834; baseline -0.001 -26"><span class='ocrx_word' id='word_1_75' title='bbox 258 1735 321 1833; x_wconf 92' lang='lat' dir='ltr'>qui</span> <span class='ocrx_word' id='word_1_76' title='bbox 337 1733 461 1809; x_wconf 90' lang='lat' dir='ltr'>fascem</span> <span class='ocrx_word' id='word_1_77' title='bbox 478 1734 653 1833; x_wconf 85' lang='lat' dir='ltr'>lignorum</span> <span class='ocrx_word' id='word_1_78' title='bbox 678 1736 845 1834; x_wconf 85' lang='lat' dir='ltr'>gestabat,</span> <span class='ocrx_word' id='word_1_79' title='bbox 871 1734 918 1809; x_wconf 93' lang='lat' dir='ltr'>ita</span> <span class='ocrx_word' id='word_1_80' title='bbox 935 1733 1147 1834; x_wconf 83' lang='lat' dir='ltr'>praeriguisse</span> <span class='ocrx_word' id='word_1_81' title='bbox 1163 1761 1237 1814; x_wconf 85' lang='lat' dir='ltr'>ma·</span> 
     </span>
     <span class='ocr_line' id='line_1_13' title="bbox 255 1855 1246 1947; baseline 0 -19"><span class='ocrx_word' id='word_1_82' title='bbox 255 1882 333 1945; x_wconf 88' lang='lat' dir='ltr'>nus,</span> <span class='ocrx_word' id='word_1_83' title='bbox 363 1875 401 1928; x_wconf 90' lang='lat' dir='ltr'>ut</span> <span class='ocrx_word' id='word_1_84' title='bbox 426 1855 522 1928; x_wconf 91' lang='lat' dir='ltr'>oneri</span> <span class='ocrx_word' id='word_1_85' title='bbox 549 1858 775 1947; x_wconf 71' lang='lat' dir='ltr'>adhaerentes,</span> <span class='ocrx_word' id='word_1_86' title='bbox 801 1855 932 1930; x_wconf 90' lang='lat' dir='ltr'>truncis</span> <span class='ocrx_word' id='word_1_87' title='bbox 962 1855 1110 1928; x_wconf 88' lang='lat' dir='ltr'>brachiis</span> <span class='ocrx_word' id='word_1_88' title='bbox 1137 1855 1246 1928; x_wconf 76' lang='lat' dir='ltr'>deci-&#39;</span> 
     </span>
     <span class='ocr_line' id='line_1_14' title="bbox 253 1973 1233 2074; baseline -0.004 -22"><span class='ocrx_word' id='word_1_89' title='bbox 253 1977 386 2053; x_wconf 91' lang='lat' dir='ltr'>derent.</span> <span class='ocrx_word' id='word_1_90' title='bbox 448 1973 524 2074; x_wconf 91' lang='lat' dir='ltr'>Ipse</span> <span class='ocrx_word' id='word_1_91' title='bbox 552 1978 649 2050; x_wconf 87' lang='lat' dir='ltr'>cultu</span> <span class='ocrx_word' id='word_1_92' title='bbox 673 1976 757 2062; x_wconf 89' lang='lat' dir='ltr'>levi,</span> <span class='ocrx_word' id='word_1_93' title='bbox 788 1975 900 2068; x_wconf 86' lang='lat' dir='ltr'>capite</span> <span class='ocrx_word' id='word_1_94' title='bbox 933 1973 1076 2062; x_wconf 63' lang='lat' dir='ltr'>interitu,</span> <span class='ocrx_word' id='word_1_95' title='bbox 1108 1975 1143 2048; x_wconf 92' lang='lat' dir='ltr'>in</span> <span class='ocrx_word' id='word_1_96' title='bbox 1170 2002 1233 2074; x_wconf 84' lang='lat' dir='ltr'>ag-</span> 
     </span>
     <span class='ocr_line' id='line_1_15' title="bbox 257 2091 1234 2188; baseline -0.005 -19"><span class='ocrx_word' id='word_1_97' title='bbox 257 2096 364 2186; x_wconf 89' lang='lat' dir='ltr'>mine,</span> <span class='ocrx_word' id='word_1_98' title='bbox 384 2096 420 2167; x_wconf 91' lang='lat' dir='ltr'>in</span> <span class='ocrx_word' id='word_1_99' title='bbox 437 2093 628 2181; x_wconf 89' lang='lat' dir='ltr'>laboribus,</span> <span class='ocrx_word' id='word_1_100' title='bbox 654 2091 815 2188; x_wconf 85' lang='lat' dir='ltr'>frequens</span> <span class='ocrx_word' id='word_1_101' title='bbox 832 2091 967 2162; x_wconf 79' lang='lat' dir='ltr'>adesse:</span> <span class='ocrx_word' id='word_1_102' title='bbox 995 2092 1136 2166; x_wconf 87' lang='lat' dir='ltr'>laudem</span> <span class='ocrx_word' id='word_1_103' title='bbox 1153 2094 1234 2170; x_wconf 87' lang='lat' dir='ltr'>stre-</span> 
     </span>
     <span class='ocr_line' id='line_1_16' title="bbox 227 2207 1252 2307; baseline -0.006 -17"><span class='ocrx_word' id='word_1_104' title='bbox 227 2209 345 2307; x_wconf 81' lang='lat' dir='ltr'>nuis,</span> <span class='ocrx_word' id='word_1_105' title='bbox 376 2213 537 2290; x_wconf 86' lang='lat' dir='ltr'>solatium</span> <span class='ocrx_word' id='word_1_106' title='bbox 563 2209 739 2301; x_wconf 88' lang='lat' dir='ltr'>invalidis,</span> <span class='ocrx_word' id='word_1_107' title='bbox 767 2210 973 2304; x_wconf 88' lang='lat' dir='ltr'>exemplum</span> <span class='ocrx_word' id='word_1_108' title='bbox 995 2207 1158 2282; x_wconf 91' lang='lat' dir='ltr'>omnibus</span> <span class='ocrx_word' id='word_1_109' title='bbox 1183 2213 1252 2284; x_wconf 92' lang='lat' dir='ltr'>os-&#39;</span> 
     </span>
    </p>
   </div>
   <div class='ocr_carea' id='block_1_5' title="bbox 253 2325 1357 2428">
    <p class='ocr_par' dir='ltr' id='par_1_5' title="bbox 253 2325 1357 2428">
     <span class='ocr_line' id='line_1_17' title="bbox 253 2325 1357 2428; baseline -0.012 -14"><span class='ocrx_word' id='word_1_110' title='bbox 253 2337 404 2414; x_wconf 84' lang='lat' dir='ltr'>tendere.</span> <span class='ocrx_word' id='word_1_111' title='bbox 455 2330 595 2406; x_wconf 90' lang='lat' dir='ltr'>Dehinc</span> <span class='ocrx_word' id='word_1_112' title='bbox 625 2329 707 2428; x_wconf 88' lang='lat' dir='ltr'>quia</span> <span class='ocrx_word' id='word_1_113' title='bbox 732 2326 896 2402; x_wconf 88' lang='lat' dir='ltr'>duritiam</span> <span class='ocrx_word' id='word_1_114' title='bbox 923 2326 999 2404; x_wconf 75' lang='lat' dir='ltr'>caeli</span> <span class='ocrx_word' id='word_1_115' title='bbox 1032 2325 1236 2426; x_wconf 84' lang='lat' dir='ltr'>militiaeque</span> <span class='ocrx_word' id='word_1_116' title='bbox 1355 2407 1357 2414; x_wconf 64' lang='grc'>,</span> 
     </span>
    </p>
   </div>
   <div class='ocr_carea' id='block_1_6' title="bbox 251 2445 1236 2674">
    <p class='ocr_par' dir='ltr' id='par_1_6' title="bbox 251 2445 1236 2674">
     <span class='ocr_line' id='line_1_18' title="bbox 254 2445 1236 2547; baseline -0.009 -19"><span class='ocrx_word' id='word_1_117' title='bbox 254 2453 359 2528; x_wconf 89' lang='lat' dir='ltr'>multi</span> <span class='ocrx_word' id='word_1_118' title='bbox 376 2452 588 2542; x_wconf 91' lang='lat' dir='ltr'>abnuebant,</span> <span class='ocrx_word' id='word_1_119' title='bbox 616 2449 899 2547; x_wconf 88' lang='lat' dir='ltr'>deserebantque,</span> <span class='ocrx_word' id='word_1_120' title='bbox 929 2446 1124 2521; x_wconf 88' lang='lat' dir='ltr'>remedium</span> <span class='ocrx_word' id='word_1_121' title='bbox 1141 2445 1236 2520; x_wconf 88' lang='lat' dir='ltr'>seve-</span> 
     </span>
     <span class='ocr_line' id='line_1_19' title="bbox 251 2568 1234 2674; baseline -0.006 -26"><span class='ocrx_word' id='word_1_122' title='bbox 251 2574 353 2648; x_wconf 88' lang='lat' dir='ltr'>ritate</span> <span class='ocrx_word' id='word_1_123' title='bbox 369 2577 552 2674; x_wconf 85' lang='lat' dir='ltr'>quaefitum</span> <span class='ocrx_word' id='word_1_124' title='bbox 576 2571 636 2648; x_wconf 88' lang='lat' dir='ltr'>est.</span> <span class='ocrx_word' id='word_1_125' title='bbox 687 2573 766 2644; x_wconf 91' lang='lat' dir='ltr'>Nec</span> <span class='ocrx_word' id='word_1_126' title='bbox 783 2568 890 2659; x_wconf 86' lang='lat' dir='ltr'>enim,</span> <span class='ocrx_word' id='word_1_127' title='bbox 915 2588 954 2640; x_wconf 90' lang='lat' dir='ltr'>ut</span> <span class='ocrx_word' id='word_1_128' title='bbox 978 2568 1014 2640; x_wconf 90' lang='lat' dir='ltr'>in</span> <span class='ocrx_word' id='word_1_129' title='bbox 1040 2569 1114 2644; x_wconf 89' lang='lat' dir='ltr'>aliis</span> <span class='ocrx_word' id='word_1_130' title='bbox 1137 2596 1234 2644; x_wconf 86' lang='lat' dir='ltr'>exer-</span> 
     </span>
    </p>
   </div>
   <div class='ocr_carea' id='block_1_7' title="bbox 251 2683 1374 2798">
    <p class='ocr_par' dir='ltr' id='par_1_7' title="bbox 251 2683 1374 2798">
     <span class='ocr_line' id='line_1_20' title="bbox 251 2683 1374 2798; baseline -0.003 -29"><span class='ocrx_word' id='word_1_131' title='bbox 251 2691 391 2791; x_wconf 87' lang='lat' dir='ltr'>citibus,</span> <span class='ocrx_word' id='word_1_132' title='bbox 411 2695 563 2798; x_wconf 89' lang='lat' dir='ltr'>primum</span> <span class='ocrx_word' id='word_1_133' title='bbox 588 2695 807 2789; x_wconf 85' lang='lat' dir='ltr'>alterumque</span> <span class='ocrx_word' id='word_1_134' title='bbox 835 2688 1003 2762; x_wconf 67' lang='lat' dir='ltr'>delislum</span> <span class='ocrx_word' id='word_1_135' title='bbox 1027 2683 1251 2788; x_wconf 56' lang='lat' dir='ltr'>venia&#39;pro!</span> <span class='ocrx_word' id='word_1_136' title='bbox 1325 2729 1329 2737; x_wconf 93' lang='lat'>·</span> <span class='ocrx_word' id='word_1_137' title='bbox 1367 2761 1374 2772; x_wconf 83' lang='lat'>‚</span> 
     </span>
    </p>
   </div>
   <div class='ocr_carea' id='block_1_8' title="bbox 242 2810 1324 3760">
    <p class='ocr_par' dir='ltr' id='par_1_8' title="bbox 250 2810 1324 3390">
     <span class='ocr_line' id='line_1_21' title="bbox 251 2810 1234 2912; baseline -0.004 -24"><span class='ocrx_word' id='word_1_138' title='bbox 251 2813 470 2912; x_wconf 89' lang='lat' dir='ltr'>sequebatur,</span> <span class='ocrx_word' id='word_1_139' title='bbox 497 2815 556 2888; x_wconf 91' lang='lat' dir='ltr'>sed</span> <span class='ocrx_word' id='word_1_140' title='bbox 580 2813 642 2910; x_wconf 90' lang='lat' dir='ltr'>qui</span> <span class='ocrx_word' id='word_1_141' title='bbox 671 2817 767 2910; x_wconf 78' lang='lat' dir='ltr'>signa</span> <span class='ocrx_word' id='word_1_142' title='bbox 799 2810 997 2907; x_wconf 90' lang='lat' dir='ltr'>reliquerat,</span> <span class='ocrx_word' id='word_1_143' title='bbox 1036 2810 1150 2891; x_wconf 88' lang='lat' dir='ltr'>statim</span> <span class='ocrx_word' id='word_1_144' title='bbox 1178 2839 1234 2890; x_wconf 89' lang='lat' dir='ltr'>ca-</span> 
     </span>
     <span class='ocr_line' id='line_1_22' title="bbox 253 2928 1248 3034; baseline -0.002 -28"><span class='ocrx_word' id='word_1_145' title='bbox 253 2934 325 3034; x_wconf 85' lang='lat' dir='ltr'>pite</span> <span class='ocrx_word' id='word_1_146' title='bbox 353 2959 474 3031; x_wconf 86' lang='lat' dir='ltr'>poenas</span> <span class='ocrx_word' id='word_1_147' title='bbox 499 2934 633 3006; x_wconf 91' lang='lat' dir='ltr'>luebat:</span> <span class='ocrx_word' id='word_1_148' title='bbox 662 2929 770 3029; x_wconf 90' lang='lat' dir='ltr'>idque</span> <span class='ocrx_word' id='word_1_149' title='bbox 792 2928 853 3003; x_wconf 90' lang='lat' dir='ltr'>usu</span> <span class='ocrx_word' id='word_1_150' title='bbox 878 2929 1026 3020; x_wconf 89' lang='lat' dir='ltr'>salubre,</span> <span class='ocrx_word' id='word_1_151' title='bbox 1052 2936 1085 3004; x_wconf 71' lang='grc' dir='ltr'>δε</span> <span class='ocrx_word' id='word_1_152' title='bbox 1104 2931 1248 3014; x_wconf 70' lang='lat' dir='ltr'>miseri,</span> 
     </span>
     <span class='ocr_line' id='line_1_23' title="bbox 251 3050 1232 3160; baseline -0.006 -30"><span class='ocrx_word' id='word_1_153' title='bbox 251 3054 370 3136; x_wconf 70' lang='lat' dir='ltr'>cordid</span> <span class='ocrx_word' id='word_1_154' title='bbox 399 3054 522 3132; x_wconf 88' lang='lat' dir='ltr'>melius</span> <span class='ocrx_word' id='word_1_155' title='bbox 555 3052 725 3150; x_wconf 87' lang='lat' dir='ltr'>apparuit.</span> <span class='ocrx_word' id='word_1_156' title='bbox 793 3050 937 3148; x_wconf 80' lang='lat' dir='ltr'>Qippe</span> <span class='ocrx_word' id='word_1_157' title='bbox 965 3051 1149 3160; x_wconf 74' lang='lat' dir='ltr'>,pauciores</span> <span class='ocrx_word' id='word_1_158' title='bbox 1173 3052 1232 3131; x_wconf 87' lang='lat' dir='ltr'>illa</span> 
     </span>
     <span class='ocr_line' id='line_1_24' title="bbox 251 3169 1324 3272; baseline 0 -22"><span class='ocrx_word' id='word_1_159' title='bbox 251 3175 358 3260; x_wconf 88' lang='lat' dir='ltr'>castra</span> <span class='ocrx_word' id='word_1_160' title='bbox 390 3174 584 3262; x_wconf 69' lang='lat' dir='ltr'>deserudre,</span> <span class='ocrx_word' id='word_1_161' title='bbox 632 3173 738 3272; x_wconf 72' lang='lat' dir='ltr'>qudm</span> <span class='ocrx_word' id='word_1_162' title='bbox 776 3197 816 3246; x_wconf 90' lang='lat' dir='ltr'>ea</span> <span class='ocrx_word' id='word_1_163' title='bbox 847 3169 885 3244; x_wconf 94' lang='lat' dir='ltr'>in</span> <span class='ocrx_word' id='word_1_164' title='bbox 918 3171 1047 3270; x_wconf 89' lang='lat' dir='ltr'>quibus</span> <span class='ocrx_word' id='word_1_165' title='bbox 1074 3172 1231 3272; x_wconf 86' lang='lat' dir='ltr'>ignosce·</span> <span class='ocrx_word' id='word_1_166' title='bbox 1279 3247 1282 3258; x_wconf 88' lang='grc'><strong>,</strong></span> <span class='ocrx_word' id='word_1_167' title='bbox 1322 3221 1324 3226; x_wconf 92' lang='grc'>-</span> 
     </span>
     <span class='ocr_line' id='line_1_25' title="bbox 250 3300 921 3390; baseline -0.024 -7"><span class='ocrx_word' id='word_1_168' title='bbox 250 3300 365 3382; x_wconf 82' lang='lat' dir='ltr'>batur.</span> <span class='ocrx_word' id='word_1_169' title='bbox 772 3309 774 3313; x_wconf 84' lang='lat'>&#39;</span> <span class='ocrx_word' id='word_1_170' title='bbox 917 3385 921 3390; x_wconf 20' lang='grc' dir='ltr'>Ι</span> 
     </span>
    </p>

    <p class='ocr_par' dir='ltr' id='par_1_9' title="bbox 242 3391 1286 3760">
     <span class='ocr_line' id='line_1_26' title="bbox 298 3391 1233 3544; baseline -0.006 -52"><span class='ocrx_word' id='word_1_171' title='bbox 298 3414 476 3492; x_wconf 88' lang='lat' dir='ltr'><strong>XXXVI.</strong></span> <span class='ocrx_word' id='word_1_172' title='bbox 503 3391 691 3489; x_wconf 33' lang='lat' dir='ltr'>&#39;Iura&#39;nuu</span> <span class='ocrx_word' id='word_1_173' title='bbox 722 3415 893 3502; x_wconf 79' lang='lat' dir='ltr'>CorbuIO,</span> <span class='ocrx_word' id='word_1_174' title='bbox 923 3411 1119 3512; x_wconf 80' lang='lat' dir='ltr'>legionibus</span> <span class='ocrx_word' id='word_1_175' title='bbox 1143 3413 1233 3544; x_wconf 69' lang='lat' dir='ltr'>intrq</span> 
     </span>
     <span class='ocr_line' id='line_1_27' title="bbox 242 3531 1286 3634; baseline -0.004 -21"><span class='ocrx_word' id='word_1_176' title='bbox 242 3537 359 3618; x_wconf 81' lang='lat' dir='ltr'>castra</span> <span class='ocrx_word' id='word_1_177' title='bbox 374 3535 514 3625; x_wconf 88' lang='lat' dir='ltr'>habitis,</span> <span class='ocrx_word' id='word_1_178' title='bbox 533 3534 646 3606; x_wconf 91' lang='lat' dir='ltr'>donec</span> <span class='ocrx_word' id='word_1_179' title='bbox 665 3559 725 3606; x_wconf 88' lang='lat' dir='ltr'>vet</span> <span class='ocrx_word' id='word_1_180' title='bbox 741 3532 963 3634; x_wconf 73' lang='lat' dir='ltr'>adolesceret,</span> <span class='ocrx_word' id='word_1_181' title='bbox 994 3531 1234 3633; x_wconf 74' lang='lat' dir='ltr'>dispositisque</span> <span class='ocrx_word' id='word_1_182' title='bbox 1281 3556 1286 3572; x_wconf 71' lang='lat'><strong><em>¹</em></strong></span> 
     </span>
     <span class='ocr_line' id='line_1_28' title="bbox 250 3653 1227 3760; baseline -0.014 -26"><span class='ocrx_word' id='word_1_183' title='bbox 250 3687 310 3760; x_wconf 87' lang='lat' dir='ltr'>per</span> <span class='ocrx_word' id='word_1_184' title='bbox 326 3659 470 3733; x_wconf 88' lang='lat' dir='ltr'>idoneos</span> <span class='ocrx_word' id='word_1_185' title='bbox 499 3657 595 3728; x_wconf 93' lang='lat' dir='ltr'>locos</span> <span class='ocrx_word' id='word_1_186' title='bbox 618 3653 819 3728; x_wconf 89' lang='lat' dir='ltr'>cohortibus</span> <span class='ocrx_word' id='word_1_187' title='bbox 845 3653 1044 3743; x_wconf 84' lang='lat' dir='ltr'>auxiliariis,</span> <span class='ocrx_word' id='word_1_188' title='bbox 1075 3680 1119 3726; x_wconf 94' lang='lat' dir='ltr'>ne</span> <span class='ocrx_word' id='word_1_189' title='bbox 1135 3681 1227 3752; x_wconf 74' lang='lat' dir='ltr'>pug-</span> 
     </span>
    </p>
   </div>
   <div class='ocr_carea' id='block_1_9' title="bbox 249 3760 1227 3974">
    <p class='ocr_par' dir='ltr' id='par_1_10' title="bbox 249 3760 1227 3974">
     <span class='ocr_line' id='line_1_29' title="bbox 249 3760 1227 3891; baseline -0.016 -34"><span class='ocrx_word' id='word_1_190' title='bbox 249 3805 332 3866; x_wconf 79' lang='lat' dir='ltr'>nam</span> <span class='ocrx_word' id='word_1_191' title='bbox 360 3779 492 3891; x_wconf 79' lang='lat' dir='ltr'>priores</span> <span class='ocrx_word' id='word_1_192' title='bbox 525 3777 707 3884; x_wconf 75' lang='lat' dir='ltr'>auderent,</span> <span class='ocrx_word' id='word_1_193' title='bbox 737 3763 903 3874; x_wconf 80' lang='lat' dir='ltr'>praedicit.</span> <span class='ocrx_word' id='word_1_194' title='bbox 954 3760 1085 3856; x_wconf 76' lang='lat' dir='ltr'>Curam</span> <span class='ocrx_word' id='word_1_195' title='bbox 1116 3777 1227 3876; x_wconf 76' lang='lat' dir='ltr'>praefi.</span> 
     </span>
     <span class='ocr_line' id='line_1_30' title="bbox 746 3898 862 3974; baseline -0.017 -38"><span class='ocrx_word' id='word_1_196' title='bbox 746 3898 768 3974; x_wconf 76' lang='lat' dir='ltr'>I¹</span> <span class='ocrx_word' id='word_1_197' title='bbox 860 3923 862 3934; x_wconf 51' lang='lat' dir='ltr'>t</span> 
     </span>
    </p>
   </div>
   <div class='ocr_carea' id='block_1_10' title="bbox 0 0 1568 4864">
    <p class='ocr_par' dir='ltr' id='par_1_11' title="bbox 0 0 1568 4864">
     <span class='ocr_line' id='line_1_31' title="bbox 0 0 1568 4864; baseline 0 5"><span class='ocrx_word' id='word_1_198' title='bbox 0 0 1568 4864; x_wconf 95' lang='lat' dir='ltr'> </span> 
     </span>
    </p>
   </div>
  </div>
 </body>
</html>
