3126 4864
389 371 460 486 ¹¹72
607 377 1171 456 C.Connn211Tnctrt

387 552 547 638 asenam,
567 547 792 624 intercessione
808 548 990 624 tribunicia
1007 549 1112 622 morti
1132 541 1367 624 eximerem*

387 671 430 740 Et
454 667 535 738 edm
551 667 716 742 -Ostorius
740 668 872 740 “nihil
899 669 1086 742 audiviffe’'
1112 695 1174 765 pro
1196 669 1351 750 testimo·

382 783 437 856 nio
449 781 603 874 dixisset,
632 789 777 862 adversis
802 788 945 862 testibus
967 789 1147 862 creditum.
1194 787 1352 862 Censuit·

381 925 447 1000 que
474 903 600 996 Junius
628 909 815 998 Marullus,
852 907 968 982 consul
992 911 1200 1007 designatus,
1235 916 1261 951 “
1280 905 1354 980 adi-

381 1027 407 1063 “
425 1022 595 1126 mendam¹
625 1051 685 1099 reo
728 1049 926 1123 praeturam,
962 1031 1227 1126 necandumque
1259 1051 1356 1108 mort:

379 1146 407 1182 “
424 1139 635 1238 majorum.”
683 1147 815 1220 Ceteris
833 1147 914 1222 inde
935 1147 1215 1238 adsentientibus,
1238 1151 1354 1220 Paems

376 1258 544 1354 Thrasea,
573 1268 687 1340 multo
704 1293 788 1340 cum
804 1269 936 1342 honore
949 1264 1100 1358 Caesaris,
1125 1267 1285 1342 acerrime
1299 1267 1355 1338 in·

377 1381 511 1479 crepito
540 1387 709 1478 Antistio,
739 1396 772 1480 ·“
791 1415 876 1478 non,
911 1387 1084 1485 quidquid
1118 1413 1248 1460 nocens
1276 1410 1356 1458 reus

380 1504 503 1599 “pati
527 1529 723 1595 mereretur,
752 1507 805 1594 id,
847 1506 986 1601 egregio
1013 1505 1076 1576 sub
1106 1507 1279 1612 Principe,
1320 1511 1357 1576 δι

381 1627 410 1663 “
430 1624 526 1694 nulld
547 1628 737 1696 necessitate
762 1622 924 1694 obstrido
947 1619 1078 1711 senatu,
1107 1622 1357 1696 statuendum''

376 1739 550 1822 differuit;
581 1732 823 1810 “carnificem
848 1745 882 1810 δι
910 1739 1076 1833 laqueum
1105 1739 1242 1834 pridem
1266 1741 1354 1811 abo·

355 1913 358 1928 t
378 1863 405 1897 ‘⁶
423 1854 502 1926 lita:
523 1858 556 1926 δι
587 1857 654 1928 esse
677 1881 798 1954 poenas
822 1857 956 1955 legibus
985 1857 1198 1948 constitutas,
1226 1858 1354 1956 quibus

378 1983 406 2018 “
425 1978 492 2050 fine
504 1973 667 2074 judicum
682 1974 824 2070 saevitid,
839 1983 871 2052 δι
885 1997 1085 2074 temporum
1097 1977 1252 2072 infamia,
1270 1977 1353 2076 sup·

380 2104 408 2140 “
427 2096 532 2195 plicia
548 2099 824 2196 decernerentur.
873 2098 969 2198 Qin
995 2097 1169 2190 ininsula,
1195 2099 1354 2197 publica-

323 2257 328 2265 ·
379 2218 471 2294 “tis
491 2218 606 2308 bonis,
633 2218 704 2316 qud
725 2219 865 2317 longiias
888 2217 1021 2298 sontem
1048 2219 1157 2294 vitant
1185 2218 1353 2308 traxisset,

381 2338 471 2418 “ted
498 2337 659 2437 privatim
682 2335 907 2428 miseriorem,
936 2345 970 2413 ὅτ
995 2340 1144 2438 publicae
1161 2338 1354 2414 clementiae

381 2469 410 2505 “
429 2460 625 2534 maximum
642 2458 847 2552 exemplum
864 2457 1057 2532 sutumrn'.'’

427 2581 565 2654 XLIX.
591 2581 799 2652 Ltnan‘rns
823 2574 984 2650 Thraseae
1012 2576 1187 2651 servitium
1204 2579 1356 2669 aliorum

379 2701 494 2800 rupit:
539 2705 572 2772 δι
600 2698 785 2795 postquam
818 2694 1049 2778 discessionem
1078 2697 1196 2770 consul
1224 2698 1353 2794 permi-

282 2867 284 2872 ·
378 2819 476 2911 serat,
495 2818 642 2917 pedibus
665 2817 702 2890 in
719 2815 928 2892 sententiam
946 2815 1018 2915 ejus
1043 2817 1126 2908 iere,
1157 2817 1360 2914 paucis-ex:
1399 2859 1403 2868 ·
1449 2893 1451 2902 ,

379 2937 529 3038 emptis:
557 2938 594 3011 in
623 2937 750 3037 quibus
770 2920 967 3042 adolatione
994 2937 1267 3034 promptissimus
1288 2937 1355 3010 suit

380 3065 429 3136 A.
453 3057 624 3147 Vitellius,
651 3057 825 3156 optimum
847 3082 1022 3156 quemque
1040 3055 1160 3156 jurgio
1177 3059 1353 3148 lacessens,

380 3185 415 3256 δι
432 3177 651 3275 respondenti
667 3177 824 3268 reticens,
855 3198 895 3252 ut
920 3177 1047 3275 pavida
1068 3177 1211 3276 ingenia
1231 3175 1351 3251 solent.
1396 3256 1397 3264 χ

352 3391 355 3396 ⁸
380 3305 432 3376 At
449 3296 603 3373 consules
626 3300 789 3395 perlicere
816 3297 948 3372 senattls
974 3299 1153 3384 decretum
1175 3326 1246 3374 non
1270 3304 1351 3389 aus,

380 3423 426 3495 de
443 3415 605 3496 consensu
631 3412 794 3515 scripsdre
811 3417 944 3492 Caesari.
993 3420 1056 3492 Ille
1076 3419 1162 3494 inter
1184 3418 1352 3515 pudorem

380 3545 415 3614 &
432 3541 520 3614 iram
542 3541 737 3628 cundatus,
755 3537 928 3635 postremd
943 3537 1119 3636 rescripsit,
1137 3545 1175 3594 -“
1191 3539 1283 3610 nulla
1299 3536 1351 3608 in-

382 3667 409 3704 “
421 3657 512 3758 juria
526 3681 751 3757 provocatum
770 3658 959 3732 Antistium
976 3657 1184 3757 grauiffimas
1201 3656 1236 3728 in
1252 3656 1350 3728 Prim

381 3789 409 3826 “
428 3779 543 3878 cipem
571 3778 796 3855 contumelias
824 3779 970 3854 dixisse:
995 3804 1114 3854 earum
1135 3775 1305 3852 ultionem
1327 3803 1352 3857 a
