3120 4860
432 373 993 458 Ansn'srorquMV:
1132 369 1202 480 239

232 549 322 628 nosci
351 549 498 630 decebat
526 552 683 628 militaris
711 552 777 626 viri
803 551 915 628 sensus
944 551 1140 650 incomptos
1169 558 1204 628 bt

232 674 375 749 validos.
425 674 528 749 Nihil
554 674 591 748 in
615 674 673 748 illd
695 672 934 771 conjuratione
951 669 1092 770 gravius
1116 672 1204 746 auri-

191 801 194 810 '
230 797 294 869 bus
323 797 474 872 Neronis
503 795 663 870 accidiffe
700 795 864 884 constitit,
898 794 960 892 qui
981 813 1020 868 ut
1042 790 1207 868 faciendis

165 895 170 904 i
228 914 409 990 sceleribus
433 935 632 1012 promptus,
669 914 718 990 ita
750 905 934 1003 audiendi,
968 940 1046 1011 quae
1067 911 1206 1004 faceret,

124 1027 127 1036 ’
228 1035 377 1110 insolens
401 1055 484 1108 erat.
535 1037 646 1110 Poen'a
662 1035 774 1110 Flavii
790 1032 921 1133 Vejano
944 1034 1072 1132 Nigro,
1098 1034 1207 1111 tribu·

229 1152 291 1246 no,
327 1156 521 1230 mandatur.
600 1158 633 1229 Is
665 1156 830 1253 proximo
865 1155 901 1228 in
934 1180 1030 1254 agro
1050 1154 1209 1228 scrobem

118 1318 124 1338 ι
229 1275 457 1381 essedijuffrt,
477 1302 583 1373 quam
600 1275 740 1350 Flavius
764 1276 1001 1350 uthumilem
1026 1278 1059 1346 δι
1084 1273 1209 1372 angus·

229 1399 307 1467 tain-
330 1396 523 1492 increpans,
548 1395 850 1470 circumstantibus
873 1396 1069 1482 militibus,
1097 1399 1124 1435 “
1148 1395 1209 1468 Ne

232 1521 260 1557 ‘⁶
279 1517 348 1588 hoc
365 1516 547 1614 quidem,''
566 1516 695 1614 inquit,
725 1524 752 1560 “
770 1543 815 1590 eir
832 1515 1012 1614 disciplinas
1026 1516 1063 1588 :”
1085 1516 1209 1590 admo·

227 1633 387 1733 nitusque
404 1633 534 1710 sortiter
551 1638 756 1733 protendere
768 1637 958 1712 cervicem:
983 1643 1010 1677 “
1021 1636 1209 1726 Utinam,³'

227 1757 288 1846 ait,
326 1764 353 1798 “
372 1776 410 1830 tu
435 1775 507 1828 tam
533 1755 667 1830 fortiter
693 1756 831 1831 serias.''
894 1759 941 1830 Et
968 1755 1027 1830 ille
1053 1755 1208 1834 multllm
1238 1821 1241 1828 .

45 1867 48 1876 ¹
151 1909 154 1917 ·
228 1877 497 1966 tremen3,.ci1m
514 1877 575 1950 vix
600 1880 738 1952 duobus
760 1877 899 1967 idibus,
925 1897 1029 1974 caput
1049 1897 1209 1974 amputa·

134 2065 138 2071 .
226 1998 340 2090 visset,
357 1995 523 2072 saevitiam
548 1999 642 2094 apud
658 1999 839 2069 Neronem
862 1994 1019 2091 jadavit,
1043 1993 1209 2098 “sesqui-

229 2124 255 2160 “
276 2119 381 2215 plagb
403 2114 624 2190 intersedtum
652 2143 672 2188 a
693 2117 749 2221 se'’
778 2113 942 2186 dicendo.

276 2240 448 2313 LXVIII.
492 2219 718 2309 Pnoxruuu
759 2232 960 2308 constantie
1002 2236 1209 2332 exemplum

227 2356 403 2460 Sulpicius
429 2355 551 2453 Asper,
575 2353 748 2446 centrum,
768 2354 939 2453 praebuit:
971 2356 1211 2452 percunctanti
1315 2363 1317 2370 '

112 2565 114 2574 A
229 2475 378 2564 Neroni,
410 2482 438 2518 “
457 2503 518 2550 cur
546 2475 582 2548 in
609 2476 741 2549 caedem
768 2475 865 2550 suam
898 2473 1209 2574 conspiraviffet?”

152 2657 158 2671 .
228 2595 380 2670 breviter
407 2597 640 2694 respondens:
685 2597 822 2698 “yNon·
850 2596 949 2670 aliter
981 2617 1033 2670 tot
1065 2596 1230 2696 flagitiis·

232 2724 258 2760 “
278 2714 349 2814 ejus
365 2713 537 2792 subveniri
557 2716 741 2814 potuiffe.’'
790 2717 888 2790 Tum
907 2715 1035 2816 jussam
1064 2743 1208 2814 poenam

229 2835 342 2910 sublit.
403 2839 482 2910 Nec
513 2836 618 2912 ceteri
652 2835 870 2912 centuriones
906 2837 942 2910 in
976 2837 1210 2934 perpetiendis

228 2955 407 3054 suppliciis
430 2958 697 3056 degeneravere.
747 2962 797 3030 At
813 2982 887 3031 non
904 2955 1013 3030 Fenio
1031 2955 1129 3032 Rufo
1146 2981 1210 3056 par

228 3075 379 3166 animus,
403 3077 459 3150 sed
480 3077 741 3152 lamentationes
756 3075 831 3152 suas
849 3065 954 3151 etiam
971 3077 1010 3152 in
1025 3078 1208 3154 testamen-

228 3219 308 3272 tum
335 3197 494 3292 contulit.
544 3198 802 3296 Opperiebatur
830 3189 943 3288 Nero,
975 3217 1015 3302 ut
1048 3198 1214 3274 vestim

231 3345 376 3417 quoque
404 3319 523 3394 consul
548 3321 583 3392 in
611 3320 740 3394 crimen
770 3321 969 3409 traheretur,
1015 3309 1211 3396 violentum

230 3446 265 3514 δι
293 3438 468 3514 insensum
484 3463 599 3514 ratus:
633 3439 690 3514 sed
708 3465 753 3514 ex
769 3437 954 3538 conjuratis
970 3439 1110 3514 confilia
1126 3467 1210 3516 cum

105 3558 113 3574 ⁰
153 3661 155 3666 ,
229 3561 370 3634 Vestino
389 3587 461 3634 non
479 3559 699 3650 miscuerant,
718 3551 878 3658 quidam,
897 3559 1037 3634 vetustis
1062 3560 1098 3634 in
1127 3585 1210 3636 eum

230 3682 472 3772 simultatibus,
491 3683 617 3779 plures,
637 3681 719 3778 quia
736 3680 955 3777 praecipitem
972 3685 1005 3755 δι
1024 3679 1208 3758 insociabi-

128 3890 132 3898 .
232 3801 301 3874 lem
325 3803 524 3877 credebant.
575 3801 743 3876 Ceterlrm
754 3800 912 3875 Neronis
940 3781 1063 3876 odium
1087 3803 1209 3877 adver·
