3006 4866
350 381 421 478 346
545 319 888 453 *Oceanum
915 375 1118 456 Taetrt

1064 496 1071 522 1

334 551 512 652 ‘gentibus
537 551 674 651 gladiis,
704 552 918 627 &brevibus
946 551 1062 644 cetris,
1092 547 1248 645 missilia
1268 537 1355 626 ποῖ*

346 691 478 746 trorum
506 673 625 764 vitare,
654 675 712 747 vel
739 689 914 764 excutere,
944 691 1049 770 atque
1065 671 1125 770 ipsr
1154 685 1353 770 magnam

347 793 420 866 vim
444 795 592 867 telorum
619 789 890 891 superfunderet
922 793 1035 868 donec
1064 794 1252 892 Agricola
1281 805 1352 866 tres
1454 781 1455 790 ἵ

345 913 550 988 Batavorum
572 915 744 1005 cohortes,
780 939 820 989 ac
843 917 1071 1013 Tungrorum
1093 917 1185 988 duas
1208 915 1349 988 cohor-

344 1047 434 1107 tatus
449 1033 513 1125 est,
539 1055 669 1109 utrem
696 1039 740 1110 ad
758 1061 939 1109 mucrones
963 1061 1004 1109 ac
1022 1061 1145 1109 manus
1167 1035 1350 1108 adduce*

344 1175 418 1226 rent
433 1183 452 1228 ε.
471 1157 566 1252 quod
588 1161 620 1230 ὃ(
643 1157 721 1253 ipss
741 1157 907 1230 vetustate
924 1157 1054 1230 militiae
1078 1155 1347 1244 exercitatum,

346 1278 380 1347 tc
399 1277 553 1350 hostibus
569 1273 719 1350 inhabile
732 1299 835 1373 parva
857 1275 951 1351 scuta
967 1283 1001 1350 δι
1019 1303 1177 1358 enormes
1193 1274 1347 1374 gladios

346 1397 564 1494 gerentibus:
585 1397 927 1471 nam‘Britannornm
946 1399 1055 1497 gladii
1073 1403 1141 1471 stne
1157 1389 1353 1471 mucrone
1456 1497 1457 1500 Ἴ

343 1520 574 1614 complexum
592 1542 782 1608 armorum,
815 1525 848 1592 δε
873 1519 912 1592 in
938 1521 1035 1592 arcto
1063 1539 1230 1616 pugnarn
1266 1537 1344 1589 non

345 1638 548 1712 tolerabant.
597 1639 720 1736 Igitur,
750 1659 789 1712 ut
801 1639 919 1711 Batavi
937 1638 1080 1712 miscere
1096 1641 1199 1728 ictus,
1225 1635 1342 1710 ferire

344 1759 571 1846 umbonibus,
596 1781 657 1828 ora
681 1757 822 1846 soedare,
851 1763 884 1830 δι
911 1758 1039 1846 tractis,
1069 1759 1131 1855 qui
1159 1759 1197 1831 in
1224 1781 1342 1854 aequo

344 1875 555 1964 obstiterant,
573 1875 703 1972 erigere
721 1875 754 1946 in
771 1877 876 1948 colles
889 1876 998 1948 aciem
1014 1880 1172 1972 eoepdte3
1198 1898 1339 1952 cetere

338 1998 518 2085 cohortes,
545 1991 764 2073 emulatione
788 1993 972 2091 &impetu
989 1995 1196 2085 commista,
1217 2018 1339 2094 prox·

343 2116 435 2192 imos
453 2117 608 2216 quosque
624 2118 780 2189 caedere:
812 2141 852 2189 ac
871 2115 1025 2213 plerique
1041 2115 1247 2212 semineces,
1275 2131 1336 2190 aut

345 2238 485 2336 integri,
519 2235 733 2310 festinatione
749 2237 901 2309 visloriae
928 2237 1225 2334 relinquebantur.
1273 2240 1333 2310 In·

343 2360 447 2432 terim
473 2357 631 2456 equitum
655 2377 778 2430 turmae
805 2356 939 2455 sugere,
969 2357 1131 2430 covinarii
1161 2356 1330 2454 peditum

343 2479 377 2552 se
394 2477 519 2576 proelio
542 2476 729 2552 miscuere:
763 2483 1030 2575 &quamquam
1057 2495 1230 2552 recentem
1256 2497 1327 2550 ter·

342 2623 456 2672 rorem
482 2597 684 2689 intulerant,
714 2601 824 2671 denfis
851 2619 967 2672 tamen
996 2597 1146 2672 hostium
1173 2595 1327 2698 agmini·

344 2723 424 2810 bus,
453 2723 486 2792 a
515 2717 740 2816 inaequalibus
765 2719 848 2794 locis
876 2721 1077 2794 herebant:
1105 2718 1325 2818 minimeque

343 2839 509 2938 equestris
525 2865 565 2912 ea
583 2863 711 2938 pugna
728 2839 830 2912 facies
846 2859 930 2930 erat,
949 2841 1032 2913 citm
1045 2830 1134 2938 agre
1150 2839 1211 2912 diu
1228 2839 1329 2911 stan*

343 2981 409 3051 tes,
437 2960 536 3040 srrriul
562 2985 733 3056 equorum
755 2959 955 3057 corporibus
983 2959 1256 3058 impellerentur,
1282 2972 1322 3030 at

343 3081 434 3180 saepe
457 3079 539 3180 vagi
568 3104 701 3169 currus,
737 3079 889 3152 exterriti
917 3084 985 3153 fine
1013 3069 1202 3154 reuoribus
1223 3077 1319 3176 eqni,

343 3221 384 3271 ut
408 3225 583 3298 quemque
600 3199 752 3274 formido
773 3202 909 3292 tulerat,
935 3199 1152 3292 transversos,
1179 3219 1238 3274 aut
1258 3201 1319 3271 ob⁴

344 3318 418 3392 vios
439 3311 666 3395 incursabant.
749 3350 753 3360 ¹

393 3439 585 3513 XXXVII.
612 3443 668 3514 Er
686 3440 853 3532 Britanni,
885 3441 947 3539 qui
968 3443 1082 3516 adbuc
1105 3466 1232 3540 pugna
1258 3461 1314 3512 err·
1360 3441 1366 3452 '

344 3563 456 3656 pertes
484 3557 619 3632 summa
647 3561 791 3634 collium
817 3560 1022 3662 insederant,
1054 3562 1314 3658 &paucitatem

292 3740 295 3750 .
343 3677 539 3750 nostrorum
571 3682 671 3753 vacui
700 3682 919 3778 spernebant,
954 3681 1099 3780 degredi
1125 3680 1315 3778 paullatim,

345 3803 378 3870 dc
397 3797 579 3873 circumire
598 3820 696 3898 terga
724 3800 941 3876 vincentium
967 3820 1171 3901 coeperant:
1200 3801 1237 3875 ni
1261 3797 1312 3872 id·
