3126 4864
342 375 410 449 206
532 369 572 444 C.
614 367 880 444 conserit
923 367 1125 447 Tactrr

407 487 411 512 .

338 533 514 643 minasque
532 547 695 646 insignes,
726 551 758 622 br
786 545 945 646 quidam,
974 549 1134 647 permissit
1149 549 1253 623 semel
1271 540 1316 622 lia

335 667 446 739 contib
465 664 532 754 sub
558 668 703 741 nomine
719 663 883 759 Neronis,
909 669 1025 760 inulti,
1056 670 1203 767 propriis
1231 689 1317 744 cum

336 784 464 886 globis,
494 789 618 862 eadem
634 791 860 880 exercebant,
891 790 978 864 &in
995 791 1142 863 modum
1166 775 1315 888 captivi·

333 907 411 981 tatis
427 933 499 980 nox
516 911 697 1007 agebatur.
747 910 862 1005 Julius
879 910 1023 1009 quidem
1036 913 1243 1001 Montanus,
1268 909 1317 984 se·

333 1027 455 1102 natorii
471 1029 616 1121 ordinis,
646 1030 704 1104 sed
722 1031 784 1129 qui
809 1033 969 1104 nondum
998 1034 1170 1106 honorem
1200 1023 1320 1138 capes-J

333 1153 432 1241 fiffet,
451 1142 655 1252 congressus
669 1150 755 1226 sorte
774 1177 836 1251 per
860 1155 1019 1227 tenebras
1036 1176 1118 1226 cum
1135 1152 1312 1250 Principe,

333 1271 415 1369 quia
430 1273 465 1345 vi
481 1293 710 1348 attentantem
732 1273 855 1348 acriter
881 1276 1069 1371 repulerat,
1096 1273 1223 1346 deinde
1252 1297 1313 1370 ag-

332 1393 447 1468 nitum
465 1416 634 1486 oraverat,
666 1399 758 1493 quasi
785 1397 1037 1490 exprobrasset,
1069 1394 1157 1465 mori
1176 1394 1316 1466 adaelus

332 1513 394 1588 est.
444 1518 543 1588 Nero
564 1538 681 1589 autem
704 1512 914 1585 metuentior
940 1513 977 1583 in
1006 1511 1195 1608 posterum,
1223 1513 1314 1585 mili·

332 1651 382 1708 tes
401 1635 475 1725 srbi,
506 1640 539 1708 δι
560 1633 742 1731 plerosque
765 1632 974 1731 gladiatores
992 1633 1238 1722 circumdedit,
1256 1633 1327 1736 qui·

330 1754 487 1842 rixarum
504 1754 601 1826 initia
618 1751 772 1843 modica,
804 1757 838 1826 bc
860 1755 952 1850 quast
979 1752 1111 1848 privata
1138 1755 1310 1824 sinerent:

330 1879 354 1948 sr
372 1901 391 1947 a
409 1873 660 1948 laefisvalidiits
676 1889 850 1972 ageretur,
870 1897 965 1945 arma
983 1869 1186 1945 inserebant.
1236 1873 1312 1945 Lu*

331 1995 464 2069 dieram
487 2019 631 2094 quoque
655 1993 846 2084 licentiam,
875 1994 1076 2068 &fautores
1104 1993 1315 2068 histrionum

332 2120 429 2190 velut
445 2116 481 2190 in
507 2115 631 2214 proelia
647 2115 834 2205 convertit,
859 2111 1120 2212 impunitate&
1147 2113 1313 2210 premiis,

331 2258 439 2336 atque
467 2235 537 2336 ipse
563 2239 734 2325 occultus,
771 2241 804 2308 br
836 2238 1043 2333 plerumque
1072 2261 1191 2310 coram
1216 2235 1313 2333 pros-

331 2361 496 2457 pedlans:
527 2358 642 2428 donec
661 2351 808 2428 discordi
824 2358 971 2453 populo,
1001 2362 1034 2430 δι
1054 2355 1219 2454 gravioris
1238 2383 1313 2431 mo-

275 2523 278 2530 =
331 2482 387 2553 tbs
420 2498 558 2565 terrore,
598 2499 670 2546 non
694 2474 790 2548 aliud
819 2476 1013 2547 remedium
1041 2499 1218 2574 repertum
1248 2480 1312 2569 est,

331 2603 452 2699 quam,
473 2615 513 2667 ut
548 2591 729 2666 histriones
761 2593 858 2666 Italia
893 2597 1113 2706 pellerentur,
1147 2598 1315 2695 milesque

331 2723 464 2792 theatro
480 2713 613 2788 rursum
629 2715 809 2788 adsideret.

378 2836 516 2912 XXVI.
543 2838 622 2909 Part
636 2835 732 2909 idem
744 2855 883 2934 tempus
895 2838 1011 2910 astum
1029 2836 1066 2908 in
1083 2835 1199 2922 senatu
1228 2845 1255 2880 “
1267 2840 1313 2914 de

332 2957 557 3031 “fraudibus
590 2955 830 3046 libertorum,”
877 2957 1175 3056 efflagitatumque
1217 2967 1245 3004 “
1274 2977 1314 3034 ut

331 3087 360 3124 “
377 3078 649 3153 adversus'male
667 3079 823 3168 me'riros,
850 3079 1055 3152 revocanda
1079 3078 1242 3153 libertatis
1255 3077 1314 3177 jus

332 3199 533 3298 “patronis
557 3199 734 3272 daretur.”
782 3201 862 3272 Nec
886 3201 1029 3273 deerant
1047 3201 1108 3298 qui
1127 3201 1311 3275 censerent.

328 3321 397 3394 Sed
418 3306 574 3394 consules
589 3319 794 3393 relationem
810 3318 963 3416 incipere
981 3347 1054 3393 non
1079 3325 1163 3410 aust,
1189 3321 1312 3418 ignaro

329 3439 504 3540 Principe,
527 3439 753 3540 perscripsere
780 3460 898 3514 tamen
927 3436 1127 3514 consensum
1161 3439 1311 3530 senatbs,

329 3569 359 3609 “
376 3564 440 3636 Ille
466 3560 542 3660 jam
574 3562 693 3634 auctor
726 3560 980 3634 constitutionis
1009 3565 1117 3650 fieret,
1152 3579 1191 3632 ut
1220 3558 1313 3634 inter

332 3691 360 3750 5‘
376 3676 566 3782 paucos&
584 3679 760 3754 sententiae
777 3679 933 3755 adversos
951 3677 986 3755 :'’
1005 3677 1211 3779 quibusdam
1230 3705 1309 3754 coa-

333 3806 428 3880 litam
442 3805 596 3879 libertate
614 3801 872 3878 irreverentiam
890 3800 932 3874 eb
950 3801 1141 3898 prorupisse
1158 3799 1306 3876 fremen-
