3006 4866
325 395 399 472 350
491 407 507 456 ῃ
538 372 578 446 C.
619 370 886 444 eorunm
925 345 1135 470 Tium

325 549 427 638 cola,
461 571 505 621 ne
526 548 700 644 appellato
729 545 876 643 quidem
904 569 962 636 eo,
986 545 1031 650 ad
1055 544 1328 620 Domitianum·

204 717 208 734 ,
324 669 507 742 remeasse:
535 669 603 741 sive
620 693 745 740 verum
762 660 869 758 istum
889 669 956 740 sive
974 691 1019 740 ex
1044 665 1188 764 ingenio
1202 665 1312 738 Prin·

324 789 409 886 cipis
435 789 556 870 fiotum
572 813 613 860 ac
632 791 862 884 compositum
880 788 938 860 est.
987 787 1197 860 Tradiderat
1211 785 1311 860 'inte-

322 909 391 982 rim
413 890 579 1008 Agricola
607 905 786 981 succeffori
822 907 881 982 suo
903 907 1121 1006 provinciam
1152 906 1311 1004 quietam

322 1049 515 1128 tutamque.
566 1034 622 1104 Ac
639 1053 683 1102 ne
700 1029 862 1102 notabilis
876 1028 1073 1104 celebritate
1092 1030 1125 1100 ὅτ
1143 1025 1309 1124 frequen·

324 1149 372 1222 ria
388 1149 643 1226 occurrentium
669 1149 827 1222 introitus
845 1152 942 1239 effer,
972 1149 1079 1223 vitato
1107 1147 1310 1221 amicorum

323 1269 454 1362 officio,
483 1272 590 1344 noctu
613 1267 649 1344 in
672 1271 826 1361 Urbem,
857 1271 965 1343 noctu
983 1269 1018 1342 in
1047 1267 1229 1367 palatium,
1257 1266 1312 1342 ita

323 1409 364 1464 ut
383 1411 598 1488 praeceptum
620 1411 706 1480 erat,
735 1390 858 1464 venit:
885 1390 1117 1489 exceptusque
1133 1385 1309 1470 brevios-

324 1513 421 1602 culo,
447 1517 480 1585 δι
499 1513 596 1586 nullo
611 1511 781 1602 sermone,
799 1515 910 1586 turba
926 1511 1144 1592 servientium
1160 1508 1309 1584 immix-

324 1653 381 1708 tus
402 1632 461 1707 est.
511 1633 675 1706 Ceterum
692 1653 730 1704 ut
752 1632 896 1705 militare
913 1657 1055 1722 nomen,
1084 1657 1190 1729 grave
1215 1629 1310 1704 inter

324 1751 464 1844 otiosos,
489 1753 561 1826 aliis
577 1752 758 1828 virtutibus
770 1772 990 1848 temperaret,
1016 1751 1309 1849 tranquillitatem

323 1891 428 1969 atque
457 1871 570 1944 otium
598 1871 734 1968 penitus
767 1871 877 1962 auxit,
906 1873 1003 1944 cultu
1031 1861 1207 1962 modicus,
1238 1855 1309 1944 sei·
1389 1967 1392 1974 .

324 2019 430 2068 mone
446 1989 569 2082 facilis,
590 2017 664 2066 uno
680 2011 738 2067 aut
755 1993 861 2064 altero
878 1990 1073 2064 amicorum
1090 1990 1281 2065 comitatus
1297 2021 1306 2067 r

324 2113 414 2187 adei)
436 2132 476 2187 ut
493 2113 662 2211 plerique,
686 2111 814 2211 quib'us
831 2137 980 2210 magnos
997 2109 1087 2183 vitos
1110 2135 1170 2206 per
1193 2113 1308 2188 ambi·

325 2224 458 2309 tionem
485 2235 653 2310 aestimare
680 2232 846 2322 mosell,
875 2231 947 2308 viso
973 2229 1177 2328 aspectoque
1201 2233 1306 2332 Agri·

326 2357 419 2447 cola,
443 2375 634 2452 quaererent
651 2351 795 2443 famam,
825 2353 927 2449 pauci
946 2351 1259 2447 interpretarentur.
1293 2406 1297 2410 -

374 2477 475 2550 XLI.
501 2475 664 2548 Cranno
689 2499 750 2572 per
767 2499 826 2546 eos
843 2471 1033 2568 dies‘apud
1061 2471 1305 2550 Domitianum

325 2595 444 2676 absens
460 2593 647 2683 accusatus,
676 2593 797 2668 absens
824 2591 998 2666 absolutus
1022 2591 1097 2674 est:
1125 2593 1225 2668 causa
1246 2589 1345 2693 pe·‘‚

327 2717 427 2794 riculi
445 2742 517 2790 non
543 2697 673 2789 crimen
694 2716 822 2804 ullum,
852 2734 912 2788 aut
937 2715 1076 2812 querela
1098 2715 1165 2788 last
1194 2713 1303 2813 cujus·

324 2864 446 2936 quam,
471 2837 528 2910 led
554 2835 703 2910 infensus
721 2833 909 2913 virtutibus
931 2831 1109 2931 Princeps,
1142 2835 1305 2935 &gloria

324 2960 404 3050 viri,
434 2984 482 3062 ac
503 2961 684 3055 pesfirnum
715 2955 936 3033 inimicorum
964 2981 1087 3056 genus,
1119 2957 1307 3034 laudantes.

326 3083 375 3154 Et
391 3107 431 3154 ea
449 3079 599 3154 insecuta
615 3079 692 3154 sunt
708 3077 904 3176 reipublicae
919 3083 1091 3174 tempora,
1121 3100 1201 3175 quae
1219 3077 1306 3150 sileri

220 3213 227 3231 ‘
306 3201 531 3297 ‚Agricolam
554 3227 625 3274 non
652 3204 821 3273 sinerent:
851 3217 905 3274 tot
931 3199 1099 3274 exercitus
1120 3199 1156 3272 in
1180 3200 1307 3278 Moesrfi

325 3321 522 3418 Daciaque,
556 3320 800 3396 &Germania
821 3319 1083 3418 Pannoniaque,
1114 3318 1307 3394 temeritate

326 3449 468 3537 aut'per
483 3441 659 3540 ignaviam
675 3441 809 3516 ducum
828 3439 961 3514 amilio:
992 3459 1044 3514 tot
1062 3439 1227 3514 militares
1242 3438 1305 3517 uiri

325 3585 408 3636 cum
426 3578 478 3632 tot
506 3561 705 3634 cohortibus
731 3561 925 3658 expugnati
944 3565 985 3648 ὃς
1004 3559 1124 3658 capti:
1158 3555 1304 3657 necjam

326 3683 371 3754 de
389 3678 496 3752 limite
513 3679 647 3776 imperii
666 3687 699 3753 &
717 3681 803 3778 ripa,
826 3679 884 3754 sed
901 3681 946 3754 de
961 3679 1111 3756 hibernis
1128 3681 1305 3780 legionum

328 3807 362 3886 ὃς
380 3801 577 3908 poffellrone
594 3801 803 3880 dubitatum.
855 3803 908 3882 lta
925 3802 1007 3880 cum
1029 3801 1156 3880 damna
1170 3800 1307 3880 damnis
