3076 4868
344 382 389 454 62
551 372 1121 480 C.Conuaa11Tnetr1

342 569 419 628 tum
442 549 678 639 Caratacum,
708 549 902 647 praclpu'us
926 547 1063 624 scientia
1092 545 1139 622 rei
1162 543 1319 622 militaris

343 671 524 758 Venustus,
555 673 790 769 eJugantum
818 669 973 760 civitate,
997 689 1037 744 ut
1060 665 1160 764 supra
1183 693 1319 742 memo·

340 786 426 878 ravi,
458 789 615 888 fidusque
644 791 719 881 diu,
750 796 783 870 δι
814 789 984 870 Romanis
1013 787 1117 864 armis
1143 785 1317 878 defensus,

341 910 424 984 eiam
446 909 743 988 Cattismanduarn
761 911 916 1011 reginam
934 909 1159 986 matrimonio
1174 928 1318 998 teneret,

341 1057 427 1108 mox
451 1049 528 1105 orto
544 1032 700 1123 discidi0,
728 1038 761 1108 &
779 1033 892 1108 statirn
908 1035 1016 1123 bello,
1035 1031 1140 1106 etiam
1155 1030 1319 1107 aduerstlr

308 1168 313 1178 “
339 1177 404 1226 nos
430 1151 564 1230 hostilia
591 1150 759 1230 induerat.
821 1153 888 1228 Sed
916 1152 1032 1252 primo
1060 1153 1197 1226 tantum
1229 1150 1318 1224 inter

341 1272 433 1370 ipsos
450 1277 654 1364 certabatur,
674 1274 873 1374 callidisque
890 1274 1153 1350 Cartismandua
1173 1270 1319 1362 artibus,

340 1393 482 1468 fratrent
511 1397 565 1470 ac*
582 1396 797 1494 propinquos
820 1396 960 1472 Venusri
985 1394 1175 1492 intercepit.
1233 1393 1321 1466 Inde

342 1520 473 1590 accensi
502 1516 628 1604 hostes,
658 1514 854 1588 stimulante
876 1513 1082 1612 ignominie,
1113 1540 1157 1586 ne
1181 1512 1321 1588 femina

342 1635 488 1732 imperio
520 1633 770 1708 subderentur:
807 1632 923 1706 valida
955 1637 989 1706 dr
1019 1634 1108 1707 tetta
1140 1633 1243 1708 armis
1261 1631 1321 1730 ju-

342 1773 467 1828 ventus
492 1777 642 1850 regnum
668 1751 739 1850 ejus
760 1753 955 1829 invadunt:
981 1754 1079 1850 quod
1104 1753 1207 1826 ,nobis
1230 1777 1317 1850 prae·

341 1873 470 1964 visum,
499 1869 533 1946 a
563 1873 670 1952 millae
701 1872 830 1952 auxilio
860 1875 1019 1948 cohortes
1044 1898 1123 1950 acre
1152 1873 1319 1971 proelium

342 1995 469 2086 secere,
512 1991 608 2094 cujus
640 1993 739 2068 initio
773 1995 955 2101 ambiguo,
983 1993 1060 2068 finis
1093 1993 1202 2066 laetior
1241 1993 1320 2072 suit.

342 2119 473 2215 Neque
499 2113 624 2214 dispari
653 2135 782 2190 eventu
812 2136 1050 2215 pugnaturna
1078 2114 1231 2213 legione,
1262 2114 1320 2188 cui

343 2240 461 2312 Cefius
487 2239 613 2318 Nafica
640 2257 796 2334 praeerat.
846 2239 944 2312 Nam
975 2235 1117 2326 Didius,
1149 2233 1321 2310 seneclute

344 2359 474 2460 gravis,
510 2364 544 2431 ὅτ
574 2359 682 2430 multa
704 2358 806 2452 copil
833 2359 1023 2447 honorum,
1055 2382 1118 2454 per
1152 2356 1322 2434 ministros

342 2505 458 2579 agere,
494 2482 529 2548 δι
557 2499 671 2552 arcere
703 2475 840 2550 hostem
869 2473 947 2551 satis
980 2477 1142 2552 habebat.
1210 2480 1319 2567 Haec,

343 2619 560 2697 quamquam
583 2619 604 2666 a
629 2593 767 2666 duobus
792 2583 929 2666 Ostorio
956 2593 1137 2690 Didioque
1165 2621 1342 2691 proprae-¹

323 2800 325 2805 ,
343 2717 474 2792 toribus
492 2715 608 2812 plures
624 2739 685 2812 per
701 2739 810 2792 annos
828 2713 933 2813 gesta,
953 2712 1133 2813 conjunxi,
1152 2739 1196 2790 ne
1212 2695 1322 2792 divisa

342 2838 438 2910 haud
478 2835 621 2935 perinde
645 2837 690 2909 ad
720 2834 925 2911 memoriam
949 2833 999 2914 sul
1035 2835 1214 2914 valerent..
1260 2834 1321 2916 Ad

342 2977 545 3055 temporum
562 2957 720 3034 ordinem
737 2957 853 3034 redeo.

393 3079 494 3154 XLI.
531 3078 597 3150 Tr.
626 3080 814 3152 Cnnunro
848 3077 1025 3177 quintum,
1058 3081 1127 3154 Ser.
1150 3075 1321 3154 ‚Cornelio

343 3196 724 3297 Orphitopconsulibus,
747 3198 854 3272 virilis
878 3220 961 3298 toga
980 3201 1115 3274 Neroni
1139 3221 1321 3291 maturata,

277 3349 282 3359 ¹
345 3321 418 3420 qud
435 3321 649 3418 capessenda
673 3319 871 3416 reipublicae
887 3315 1010 3394 habilis
1037 3321 1223 3396 videretur.
1275 3325 1323 3394 Et

344 3441 456 3517 Caesar
493 3440 749 3515 adulationibus
782 3438 916 3516 senatos
944 3441 1054 3518 libens
1082 3445 1187 3531 ceffit,
1232 3448 1259 3484 “
1282 3461 1323 3520 ut

347 3563 556 3646 “,vicesrmo
580 3560 689 3640 aetatis
722 3585 814 3636 anno
837 3562 1052 3638 consulatum
1076 3565 1174 3636 Nero
1192 3560 1318 3640 inirett

347 3691 374 3727 “
393 3706 496 3782 atque
523 3683 663 3757 interim
695 3684 904 3782 designatus,
945 3684 1184 3784 proconsulare
1210 3685 1321 3782 irnpe-

347 3813 375 3858 “
393 3804 487 3886 rium
504 3825 601 3887 extra
609 3807 747 3881 Urbem
759 3805 912 3900 haberet,
929 3832 977 3894 ,ac
987 3808 1135 3906 princeps
1142 3807 1324 3908 juventrttr‘r
