3126 4864
319 371 366 443 92
505 340 1091 418 C.Conurr11th1r1

370 518 575 591 5⁷11.an
610 535 717 615 atque
740 515 822 589 talia
851 519 1089 618 vulgantibus,
1128 516 1228 592 Nero
1257 525 1301 620 ⁸⁶,

322 635 585 734 “juventutem
608 636 785 734 proximas
813 664 874 735 per
898 640 1095 736 provincias
1117 644 1298 736 quaesitam

319 765 347 800 “
364 757 565 854 supplendis
588 757 740 832 Orientis
756 759 953 856 legionibus
967 762 1167 850 admovere,
1184 759 1295 859 legio-

318 886 346 922 “
364 877 490 976 nesque
518 877 604 976 ipsas
630 879 769 976 propius
788 879 994 953 Armeniam
1017 880 1214 958 conlocari”
1236 879 1295 978 ju·
1400 915 1402 926 ·

316 1000 389 1076 bet.
446 999 665 1098 “Duosque
710 1020 841 1072 veteres
881 1027 980 1098 reges
1021 1001 1221 1100 Agrippam
1240 1053 1242 1056 -
1260 1007 1295 1075 δι

319 1121 587 1196 “Antiochum
615 1120 780 1218 expedire
809 1120 941 1218 copias,
971 1123 1055 1220 =quis
1088 1123 1295 1194 Parthorum

300 1247 348 1344 ·“
367 1243 454 1315 fines
475 1243 567 1316 ultro
594 1242 772 1332 intrarent,
803 1243 902 1314 simul
922 1264 1042 1338 pontes
1064 1267 1126 1339 per
1154 1247 1315 1326 amnem¹

318 1365 571 1462 “Euphraten
600 1361 722 1460 ‘jungi
799 1365 846 1439 Et
880 1361 1053 1436 minorem
1092 1361 1297 1436 Armeniam

319 1489 347 1530 ‘⁶
366 1481 586 1572 Aristobulo,
624 1481 804 1578 regionem
834 1481 1018 1575 Sophenen
1036 1483 1189 1566 Sohemo
1214 1508 1298 1556 eum

317 1610 346 1648 “
363 1601 554 1700 infignibus
571 1600 696 1697 regiis''
713 1601 865 1672 mandat.
917 1597 1134 1706 Exortusque
1155 1599 1191 1682 in
1207 1591 1295 1675 tem·
1325 1649 1330 1664 ·

318 1747 404 1824 pore
427 1721 575 1792 aemulus
591 1717 778 1816 Vologeso,
800 1717 892 1790 filius
908 1715 1117 1792 Vardanes·
1159 1723 1207 1793 Et
1232 1725 1295 1796 ab·

316 1839 459 1916 scessere
483 1839 652 1926 Armenii
668 1839 799 1930 Parthi,
824 1859 1006 1937 tamquam
1028 1839 1202 1914 differrent
1219 1842 1294 1915 bel·
1333 1835 1336 1838 ’

316 1964 403 2038 lum.
861 1951 864 1973 ’

364 2085 463 2176 VIII.
487 2085 563 2158 San
588 2085 684 2185 apud
699 2081 855 2160 senatum
871 2086 991 2160 omnia
1014 2067 1050 2160 in¹
1071 2082 1182 2185 majus
1205 2088 1293 2161 cele·
1412 2171 1422 2180 ,

315 2209 414 2281 brata
429 2204 520 2298 sunt,
537 2206 709 2280 sententiis
726 2233 863 2298 eorum,
887 2207 949 2306 qui
973 2215 1000 2250 “
1012 2206 1293 2308 supplicationes,

317 2334 345 2370 “
365 2332 399 2401 ὅτ
428 2327 551 2400 diebus
578 2326 867 2422 supplicationum
895 2329 1026 2402 vestem
1053 2327 1223 2428 Principi'
1235 2328 1297 2412 tri-,

317 2456 346 2492 “
362 2447 578 2549 omphalem‚
604 2464 712 2540 utque
744 2471 852 2518 ovans
873 2450 1013 2523 Urbem
1041 2448 1158 2539 iniret,
1183 2450 1295 2548 effigi-

318 2564 465 2662 “esque
486 2561 559 2659 ejus
580 2562 653 2658 pari
678 2564 916 2660 magnitudine
936 2591 977 2647 ac
999 2567 1126 2638 Martis
1142 2569 1293 2659 Ultoris,

317 2695 345 2730 “
363 2686 486 2762 eodem
515 2681 551 2758 in
579 2659 754 2780 te'mpl0,''
795 2682 977 2760 censuere:
1009 2704 1132 2782 praeter
1163 2686 1295 2778 suetam

313 2803 551 2882 adulationem
581 2803 664 2894 laeti,
699 2803 797 2902 qubd
829 2805 1030 2880 Domitium
1054 2807 1301 2884 Corbulonem

314 2923 505 3001 retinendae
532 2921 711 3005 Armeniae
749 2925 998 3024 preposuerat:
1037 2926 1295 3028 videbaturque

233 3069 244 3081 ‘
314 3049 412 3122 locus
440 3042 625 3120 virtutibus
656 3045 856 3145 patesasius.
917 3048 1042 3147 Copiae
1069 3051 1220 3124 Orientis
1245 3050 1293 3125 ita

314 3165 534 3256 dividuntur,
563 3185 603 3238 ut
631 3191 707 3263 pars
734 3167 953 3245 auxiliarium
977 3195 1060 3244 cum
1082 3172 1217 3247 duabus
1243 3173 1292 3244 le-

314 3284 478 3386 gionibus
501 3286 601 3382 apud
633 3286 851 3384 provinciam
885 3289 1049 3386 Syriam„
1070 3295 1104 3365 &
1136 3295 1293 3391 legatum

312 3405 385 3510 ejus
425 3407 647 3504 Qadratum
686 3407 927 3503 Ummidium,
967 3433 1183 3498 remaneret3
1227 3435 1319 3508 par·
1415 3413 1418 3420 '

312 3525 445 3634 civium
477 3524 719 3625 sociorumque
760 3555 927 3606 numerus
959 3531 1150 3608 Corbuloni
1192 3535 1289 3624 esset,
1395 3607 1398 3614 ,

312 3645 439 3721 additis
461 3647 662 3721 cohortibus
689 3647 831 3748 alisque,
866 3677 945 3751 quae
979 3653 1073 3751 apud
1099 3654 1288 3750 Cappado-

278 3769 281 3776 ’
313 3765 403 3850 riam
432 3765 644 3850 hiemabant.
694 3769 784 3846 Socii
805 3795 917 3879 reges,
944 3793 1050 3880 prout
1082 3773 1176 3857 bello
1204 3797 1289 3856 con.
