3120 4860
405 399 710 469 nuuntruu
743 397 858 468 Lta.
893 395 998 470 XV.·
1139 411 1209 498 237

243 573 270 608 ‘¹
285 564 361 655 erit,
379 563 522 639 'samam
549 563 685 640 sociatae
712 593 795 641 curn
822 567 947 640 marito
982 566 1102 640 mortis
1125 566 1213 664 peti·

242 692 269 728 “
287 685 396 759 ville:
424 687 565 774 deinde,
584 688 700 760 oblate
718 687 855 760 mitiore
871 688 943 784 spe,
969 684 1215 760 blandimentis

242 813 268 848 “
288 806 370 880 vitae
388 806 538 880 erisiam
555 808 591 879 :'’
618 807 674 879 cui
692 807 827 880 addidit
853 833 981 906 paucos
1011 806 1128 904 postea
1152 829 1214 880 an-

239 953 317 1017 nos,
349 926 517 999 laudabili
546 925 582 998 in
608 925 772 1000 maritum
801 931 979 1018 memoris,
1015 930 1048 1000 δι
1079 951 1139 1000 ore
1174 951 1217 1000 ac

240 1045 406 1120 membris
423 1045 460 1118 in
478 1071 560 1120 eum
580 1049 747 1143 pallorem
765 1047 975 1138 albentibus,
1009 1067 1048 1124 ut
1066 1045 1215 1122 ostentui

242 1169 337 1257 esset,
367 1161 520 1240 multun‘t
556 1167 669 1240 vitalis
698 1167 836 1265 spiritds
869 1170 1039 1268 egestum.
1087 1170 1217 1243 Seneca

150 1375 155 1390 Ι
240 1286 394 1375 interim,
428 1287 573 1360 durante
600 1291 724 1378 trastu,
770 1293 804 1362 δι
837 1287 1044 1364 lentitudine
1081 1287 1214 1378 mortis,

241 1406 390 1480 Statium
409 1411 599 1497 Annaeum,
628 1409 690 1480 diu
718 1408 778 1483 srbi
807 1409 967 1484 amicitiae
993 1410 1063 1484 fide
1089 1411 1123 1480 δι
1145 1427 1218 1482 arte

242 1526 423 1622 medicinae
441 1530 644 1624 probatum,
668 1549 743 1601 orat
759 1528 933 1626 provisum
952 1529 1089 1627 pridem
1111 1553 1217 1604 vene·

162 1649 164 1655 ⁴
241 1675 341 1734 num,
361 1671 432 1744 quo
450 1647 603 1721 damnati
620 1647 765 1744 publico
794 1649 1057 1724 Athenienfium
1080 1646 1217 1748 judicio

240 1768 553 1866 exstinguerentur,
587 1787 787 1868 promeret:
836 1771 1063 1868 adlatumque
1106 1771 1217 1844 haurit
1271 1849 1273 1856 ,

240 1886 371 1977 frustra,
398 1886 543 1986 frigidus
569 1885 644 1983 jam
672 1909 764 1961 artus
794 1893 827 1960 δι
863 1889 956 1963 cluso
982 1897 1125 1988 c'otpore
1153 1891 1216 1964 ad·

238 2009 377 2083 versum
406 2007 481 2080 vim
515 2008 652 2080 veneni.
702 2006 882 2080 Postremi)
905 2007 1066 2104 stagnum
1094 2010 1216 2084 calidae

239 2111 339 2227 aquae
358 2126 501 2215 introiit,
519 2124 717 2223 respergens
736 2124 918 2222 proximos
934 2123 1127 2234 servorum,
1154 2129 1216 2202 ad·

240 2249 311 2321 dita'r
334 2273 435 2335 voce,
473 2255 499 2288 “
515 2245 646 2318 Libare
671 2243 704 2318 se
730 2241 902 2341 liquorem
918 2243 1020 2318 illum
1037 2249 1130 2341 Jovr
1158 2273 1217 2322 cr·

243 2373 271 2410 “
301 2367 543 2440 nnnAr0n1.''
595 2365 689 2439 Exin
719 2367 844 2440 balneo
860 2364 998 2455 inlatus,
1026 2369 1059 2440 δι
1088 2391 1218 2464 vapore

241 2484 312 2584 ejus
327 2486 556 2574 exanimatus,
588 2490 656 2561 srne
671 2487 745 2560 ullo
762 2484 892 2560 funeris
907 2485 1064 2560 sollemni
1082 2511 1215 2562 crema·

241 2627 307 2680 tur.
357 2609 410 2680 lta
432 2607 602 2682 codicillis
630 2605 1115 2705 praescripserat,ci1metiam
1140 2628 1217 2684 turn

242 2728 411 2825 praedives
434 2733 467 2802 &
487 2748 696 2826 praepotens,
714 2727 880 2825 supremis
897 2725 962 2802 suis
980 2726 1180 2804 consuleret.

290 2850 407 2922 LXV.
444 2853 566 2924 FAMA
607 2847 685 2940 suit,
731 2849 893 2924 Subrium
930 2848 1092 2924 Flavium
1134 2875 1217 2924 curn

243 2969 501 3044 centurionibus
534 2972 673 3044 occulto
701 2970 855 3060 consilio,
878 2995 991 3070 neque
1017 2991 1134 3044 tamen
1162 2970 1217 3071 ig-

242 3111 384 3165 norante
412 3093 554 3194 Seneca,
582 3091 813 3181 destinavisse,
850 3097 877 3134 “
892 3110 930 3164 ut
958 3091 1035 3190 post
1065 3089 1217 3166 occisum

243 3219 271 3254 “
290 3214 395 3309 opera
414 3211 552 3284 'Pisonis
573 3213 765 3302 Neronem,
792 3208 870 3284 Piso
887 3236 1029 3310 quoque
1045 3210 1214 3288 interfice-

244 3340 271 3376 “
291 3355 399 3422 retur,
428 3333 688 3429 tradereturque
716 3331 901 3429 imperium
932 3335 1082 3424 Senecae,
1106 3337 1216 3432 quas,

243 3450 412 3525 “insonti
441 3451 645 3526 claritudine
666 3451 849 3543 virtutum,
873 3454 918 3526 ad
935 3452 1107 3530 summum
1124 3452 1216 3532 fasti-

243 3581 271 3618 “
291 3573 389 3672 gium
411 3573 581 3646 deleslo.''
631 3571 729 3669 Qrin
758 3577 791 3646 δι
821 3577 930 3649 verba
952 3572 1064 3648 Flavii
1092 3577 1214 3676 vulga-

242 3696 380 3786 bantur,
421 3701 448 3737 ‘⁶
474 3695 560 3768 Non
592 3691 718 3766 referre
743 3694 918 3786 dedecori,
954 3697 977 3782 fi
1007 3692 1216 3770 citharoedus
