3120 4860
348 413 417 482 228
553 403 1135 480 CConusnrrTAcm

350 587 384 655 ἃ
400 579 592 677 periculum
614 577 899 666 commodavisse,
924 597 984 652 aut
997 578 1168 667 Pisonem,
1194 589 1326 648 notum

349 725 464 774 amore
480 697 613 786 uxoris,
638 697 695 770 alii
713 697 935 770 matrimonio
951 696 984 771 se
1007 697 1240 772 obstrinxisse:
1262 695 1326 768 nisr

347 823 370 892 si
387 818 516 916 cupido
537 817 744 891 dominandi
765 818 897 891 cunsbs
922 819 1100 892 affeffibus
1125 815 1326 916 flagrantior

347 939 407 1013 est.
614 1033 617 1046 ι

396 1063 494 1134 LIV.
520 1060 594 1132 Suu
624 1059 754 1133 mirum
781 1061 889 1159 quim
914 1059 1004 1134 inter
1026 1059 1149 1133 diversi
1176 1055 1322 1156 generis,

348 1181 494 1272 ordinis,
524 1181 642 1272 aetatis,
670 1181 785 1273 sexus,
810 1181 912 1274 dites,
938 1205 1118 1280 pauperes,
1146 1175 1321 1251 taciturni·

348 1320 419 1374 tate
446 1303 564 1377 omnia
592 1303 744 1378 cohibita
771 1284 863 1388 fint3x
881 1304 993 1376 donec
1013 1299 1164 1398 proditio
1181 1297 1324 1395 coepita

331 1423 459 1498 ¹domo
475 1425 632 1507 Scevini:
664 1425 724 1521 qui
750 1423 860 1519 pridie
884 1423 1094 1512 infidiarum,
1122 1423 1235 1494 multo
1256 1417 1323 1492 ser·

346 1531 452 1617 inone
485 1569 566 1616 curn
595 1549 751 1615 Antonio
785 1543 924 1630 Natale,
960 1541 1041 1613 dein
1068 1543 1232 1638 regressus
1259 1540 1324 1611 do-

346 1687 458 1748 mum,
472 1661 714 1732 testamentum
731 1659 948 1755 obfignavit:
977 1681 1181 1756 promptum
1198 1657 1327 1756 vagina

285 1781 291 1800 ¹
345 1779 551 1875 pugionem,
576 1780 620 1850 de
637 1805 706 1875 quo
723 1776 821 1875 suprir
839 1777 954 1868 retuli,
988 1786 1015 1820 “
1034 1771 1203 1851 vetbstate
1219 1782 1327 1862 obtu-

338 1907 365 1942 “
383 1897 482 1970 sum’'
509 1873 705 1996 increpans,
737 1897 923 1995 “asperari
945 1897 1043 1990 saxo,
1074 1899 1161 1972 &in
1177 1925 1326 1973 mucro-

344 2027 473 2091 “nem
499 2019 696 2092 ardescere”
720 2016 824 2116 jussit.
875 2022 1037 2117 Eamque
1055 2045 1175 2092 curam
1198 2020 1327 2094 liberto

342 2139 498 2216 Misicho
523 2138 715 2213 mandavit.
765 2139 875 2234 Simul
891 2139 1100 2213 adfluentius
1123 2139 1223 2213 solito
1240 2133 1327 2213 con-

342 2262 477 2336 vivium
509 2259 661 2332 initum:
693 2259 871 2332 servorum
901 2260 1061 2348 cariffimi
1087 2260 1253 2352 libertate,
1290 2265 1327 2334 δε

344 2384 401 2458 alii
419 2381 566 2480 pecunisr
583 2377 721 2451 donati:
753 2399 858 2476 atque
875 2379 947 2476 ipse
964 2381 1116 2470 maestus,
1137 2389 1170 2454 δε
1188 2407 1325 2480 magnae

284 2579 291 2590 ,
317 2553 322 2568 ,
344 2501 563 2602 cogitationis
582 2499 780 2572 manifestus
804 2520 887 2590 erut,
916 2501 1076 2600 quamvis
1092 2502 1245 2575 laetitiam
1261 2528 1324 2575 va·

296 2653 300 2664 ·
346 2626 399 2724 gis
432 2621 646 2696 sermonibus
681 2623 864 2694 simularet.
914 2622 1095 2696 Postremo
1126 2630 1153 2666 “
1171 2623 1323 2695 vulneri-

345 2754 373 2789 “
393 2748 457 2818 bus
483 2743 685 2840 ligamenta,
715 2740 909 2838 quibusque
938 2741 1059 2814 finitur
1082 2741 1231 2840 sanguis,
1261 2769 1323 2838 pa-·

345 2874 373 2908 “
392 2866 487 2938 rare''
508 2863 678 2936 eumdem
702 2861 895 2934 Milichum
922 2883 1062 2948 monet;
1086 2863 1155 2934 five
1175 2889 1324 2961 gnarum

299 3023 301 3049 ι
348 2982 607 3084 conjurationis,
636 2986 668 3054 &
698 2981 888 3078 illucusque
905 2983 1033 3072 fidum,
1066 2983 1123 3056 seu
1151 2979 1321 3072 nescium,

270 3133 275 3148 ·
342 3112 376 3179 δε
416 3125 500 3178 tunc
529 3103 684 3200 primum
726 3102 868 3199 arreptis
892 3101 1153 3199 suspicionibus,
1184 3122 1224 3174 ut
1249 3104 1323 3198 ple-

344 3227 443 3321 rique
482 3209 666 3312 tradidsre,
692 3223 748 3294 dex
766 3221 1086 3320 consequentibus:
1112 3226 1209 3298 Nam
1242 3225 1325 3297 curn

341 3345 457 3419 secum
481 3342 609 3416 servilis
637 3342 772 3414 animus
794 3344 933 3439 praemia
957 3345 1320 3441 perfidiaereputavir,

341 3467 510 3561 simulque
543 3461 710 3536 immensa
733 3464 878 3563 pecunia
908 3470 941 3537 &
975 3466 1129 3561 porentia
1157 3462 1318 3536 obversa-

340 3591 480 3673 bantur,
505 3585 597 3656 cesfit
614 3581 677 3672 fas,
708 3583 844 3659 &salus
863 3585 1023 3680 patroni,¹
1042 3591 1075 3658 ὅτ
1100 3603 1251 3678 acceptae
1277 3583 1321 3655 li-

341 3703 479 3783 bertatis
509 3704 688 3777 memoria.
741 3704 883 3777 Etenim
906 3706 1022 3778 uxoris
1048 3727 1187 3802 quoque
1210 3709 1320 3777 cons1-

324 3830 429 3920 ¹lium
451 3823 698 3924 adsumpserat,
728 3824 894 3899 muliebre
919 3852 958 3900 ac
990 3824 1156 3898 deterius:
1188 3822 1322 3922 quippe
