3120 4860
134 1202 136 1208 ·
242 1161 411 1256 complet.

413 385 718 458 ANNAMUM
747 351 861 456 Lra,
906 352 988 456 XV.¹
1081 391 1086 400 '
1149 405 1243 484 209,

203 583 206 589 ·
244 559 274 602 '¹‘
298 555 362 630 tori
381 555 440 630 suo
465 541 650 632 immotam
667 557 799 654 ubique
823 581 958 654 pacem,
987 561 1020 629 δι
1045 547 1155 629 unum
1185 557 1221 629 id

242 685 270 720 “
289 680 422 752 bellum
439 681 541 752 effe.’'
591 678 701 750 Simul
715 678 855 750 consilio
872 690 1039 750 terrorem
1053 664 1219 778 ssadjicere3

241 789 724 898 &Megillanas.'Armenios,
755 797 813 894 qui
833 796 936 894 primi
965 824 984 870 a
1012 793 1221 870 nob'isdef-
1267 783 1272 788 ’

239 942 371 1010 ceram,
400 921 496 1016 pellit
520 918 671 1006 sedibus,
699 917 836 990 castella
873 936 993 991 eorum
1026 915 1219 990 exscindit:

226 1041 361 1136 plana,
398 1039 504 1130 edita,
540 1039 690 1128 validos,
725 1036 977 1135 invalidosque,
1020 1038 1095 1138 pari
1128 1059 1223 1112 metu

513 1253 516 1260 ι

187 1341 195 1352 ,
293 1281 465 1353 XXVIII.
492 1281 586 1352 Nou
606 1275 792 1366 infensum,
822 1280 953 1352 nedum
986 1280 1099 1374 hostili
1127 1263 1245 1372 odiu,

233 1397 454 1484 ,Corbulonis
482 1383 903 1474 nomenetiambarbaris
932 1401 1138 1499 habebatur,
1166 1404 1224 1475 eo-

241 1545 312 1615 que
329 1519 508 1602 confilium
527 1519 597 1616 ejus
623 1522 735 1592 fidum
754 1521 952 1593 credebant.
1005 1524 1103 1620 Ergo
1115 1523 1224 1595 Volo·

232 1637 334 1736 xg'eses
353 1619 467 1737 neque
484 1661 581 1712 atrox
601 1639 636 1712 in
651 1640 836 1730 summam,
859 1644 892 1712 δι
911 1637 1121 1738 quibusdam
1139 1669 1226 1738 prae·

239 1757 377 1832 feduris
395 1760 549 1833 inducias
563 1759 661 1856 petit.
712 1760 888 1834 Tiridates
913 1763 1032 1834 locum
1057 1762 1225 1861 diemque

177 1901 180 1905 ·
235 1879 423 1978 conloquio
451 1878 581 1978 poscit.¹
620 1881 781 1978 Tempus
815 1881 1072 1977 propinquum,
1109 1885 1221 1980 Iocus,

238 1999 373 2098 irs-quo
400 2019 512 2097 nuper
538 1999 676 2073 obselsae
694 2021 785 2072 eum
805 1996 912 2070 Paeto'
931 1999 1085 2096 legiones
1109 2029 1221 2097 erant,

242 2119 326 2193 edm
345 2118 530 2194 abarbaris
555 2120 710 2191 delelIus
739 2121 833 2206 esset,
865 2119 912 2189 ob
940 2122 1147 2194 memoriam
1165 2127 1225 2198 lae-

237 2241 334 2314 tioris
353 2240 413 2314 fibi
427 2240 489 2328 rei,
526 2265 597 2311 non
617 2239 664 2310 est
681 2239 915 2326 aCQrbulone
933 2238 1074 2329 vitatus,
1103 2263 1141 2313 ut
1158 2245 1223 2316 dis-
1301 2237 1305 2255 “

238 2361 428 2433 similitudo
454 2357 601 2431 fortunae
622 2358 769 2457 gloriam
785 2347 938 2458 augeretss
989 2357 1119 2458 Neq'ue
1138 2365 1225 2437 infa-
1271 2381 1275 2395 ·
1324 2383 1326 2388 “

240 2481 311 2553 mid.
341 2479 427 2553 Paeti
458 2481 663 2578 angebatur,
700 2483 797 2579 quod
827 2480 868 2553 ed
908 2481 1061 2554 maxime
1098 2485 1237 2582 patuit,

241 2600 324 2700 quia
347 2600 429 2705 filio
449 2595 544 2699 ejus,
579 2604 737 2692 tribuno,
768 2603 897 2675 ducere
922 2602 1132 2700 manipulos,
1173 2626 1250 2681 at«,
1285 2669 1290 2674 .

239 2697 309 2820 que
318 2721 459 2819 operire
473 2715 633 2819 reliquias
652 2724 752 2795 malae
770 2747 898 2820 pugnae
917 2723 1112 2820 imperavit.
1154 2725 1223 2799 Die

241 2842 356 2939 poda,
375 2841 539 2915 Tiberius
555 2843 773 2932 Alexander,
804 2839 950 2916 inlustris
963 2871 1068 2942 eques
1087 2850 1223 2919 Roma*

238 2985 318 3051 nm,
355 2961 509 3035 minister
538 2964 630 3035 bello
659 2964 773 3054 datus,
809 2969 842 3036 &
868 2963 1037 3038 Vivianus
1069 2965 1221 3056 Annius,

238 3106 346 3180 gener
367 3082 594 3172 Corbulonis,
623 3084 781 3156 nondum
815 3083 979 3159 l'e‘natoria
1003 3108 1116 3184 aetate,
1164 3086 1223 3162 sed
1300 3149 1302 3154 ,

239 3217 304 3299 pro
337 3203 452 3299 legato
495 3202 626 3300 quinta
657 3203 789 3302 legioni
817 3205 1011 3304 impositus,
1049 3206 1085 3279 in
1118 3209 1223 3282 castra

237 3321 403 3396 Tiridatis
416 3327 555 3414 venere,
581 3325 714 3397 honore
736 3321 821 3423 ejus,
853 3353 893 3400 ac
912 3353 956 3400 ne
973 3341 1142 3402 m'etuetet
1166 3329 1219 3401 inss
1319 3389 1328 3414 „
1358 3329 1362 3362 ‘¹
1434 3311 1438 3321 ¹

129 3452 133 3460 '
238 3443 352 3533 srdias,
373 3452 375 3455 ’
395 3442 453 3515 tali
474 3441 649 3541 'pignore
700 3446 822 3520 Viceni
847 3448 973 3521 dehinc
1003 3433 1136 3546 equites
1157 3453 1219 3528 ad-

138 3595 141 3600 ’
235 3562 378 3661 sumpti.
406 3566 452 3636 Et
465 3563 536 3636 viso
548 3555 761 3654 Corbulone,
780 3593 839 3640 rex
853 3569 945 3665 prior
958 3595 1050 3668 equo
1063 3570 1217 3642 desiluit:

236 3711 301 3758 nec
327 3687 505 3758 cundatus
522 3687 689 3760 Corbulo.
740 3689 807 3760 Sed
825 3691 929 3787 pedes
956 3709 1104 3789 uterque
1129 3693 1216 3763 dex-

245 3821 311 3878 tras
327 3803 506 3880 miscudre.

612 3966 613 3969 ¹
714 3929 743 4000 P
