<?xml version="1.0" encoding="UTF-8"?>
<!DOCTYPE html PUBLIC "-//W3C//DTD XHTML 1.0 Transitional//EN"
    "http://www.w3.org/TR/xhtml1/DTD/xhtml1-transitional.dtd">
<html xmlns="http://www.w3.org/1999/xhtml" xml:lang="en" lang="en">
 <head>
  <title>
</title>
<meta http-equiv="Content-Type" content="text/html;charset=utf-8" />
  <meta name='ocr-system' content='tesseract 3.04.00' />
  <meta name='ocr-capabilities' content='ocr_page ocr_carea ocr_par ocr_line ocrx_word'/>
</head>
<body>
  <div class='ocr_page' id='page_1' title='image "./ccorneliitaciti03freigoog_0093.png"; bbox 0 0 3126 4864; ppageno 0'>
   <div class='ocr_carea' id='block_1_1' title="bbox 323 357 1111 471">
    <p class='ocr_par' dir='ltr' id='par_1_1' title="bbox 323 357 1111 471">
     <span class='ocr_line' id='line_1_1' title="bbox 323 357 1111 471; baseline -0.01 -26"><span class='ocrx_word' id='word_1_1' title='bbox 323 367 372 471; x_wconf 63' lang='lat'>96</span> <span class='ocrx_word' id='word_1_2' title='bbox 517 358 571 437; x_wconf 66' lang='lat' dir='ltr'>c:</span> <span class='ocrx_word' id='word_1_3' title='bbox 599 357 865 436; x_wconf 76' lang='lat' dir='ltr'>Co-nnnurr</span> <span class='ocrx_word' id='word_1_4' title='bbox 906 359 1111 437; x_wconf 74' lang='lat' dir='ltr'>Tnerrl</span> 
     </span>
    </p>
   </div>
   <div class='ocr_carea' id='block_1_2' title="bbox 228 532 1382 3776">
    <p class='ocr_par' dir='ltr' id='par_1_2' title="bbox 228 532 1346 2928">
     <span class='ocr_line' id='line_1_2' title="bbox 322 532 1299 632; baseline 0.007 -30"><span class='ocrx_word' id='word_1_5' title='bbox 322 545 352 602; x_wconf 68' lang='lat'>‚¹⁴</span> <span class='ocrx_word' id='word_1_6' title='bbox 368 541 433 608; x_wconf 81' lang='lat' dir='ltr'>n&#39;ec</span> <span class='ocrx_word' id='word_1_7' title='bbox 453 533 637 632; x_wconf 84' lang='lat' dir='ltr'>juventam</span> <span class='ocrx_word' id='word_1_8' title='bbox 660 534 773 608; x_wconf 86' lang='lat' dir='ltr'>armis</span> <span class='ocrx_word' id='word_1_9' title='bbox 800 533 976 626; x_wconf 85' lang='lat' dir='ltr'>civilibus,</span> <span class='ocrx_word' id='word_1_10' title='bbox 1006 553 1066 609; x_wconf 90' lang='lat' dir='ltr'>aut</span> <span class='ocrx_word' id='word_1_11' title='bbox 1098 532 1299 609; x_wconf 66' lang='lat' dir='ltr'>domesticis</span> 
     </span>
     <span class='ocr_line' id='line_1_3' title="bbox 320 637 1297 752; baseline -0.001 -22"><span class='ocrx_word' id='word_1_12' title='bbox 320 655 544 730; x_wconf 83' lang='lat' dir='ltr'>“discordiis</span> <span class='ocrx_word' id='word_1_13' title='bbox 565 656 760 730; x_wconf 87' lang='lat' dir='ltr'>imbutam:</span> <span class='ocrx_word' id='word_1_14' title='bbox 787 657 881 730; x_wconf 91' lang='lat' dir='ltr'>nulla</span> <span class='ocrx_word' id='word_1_15' title='bbox 904 637 998 750; x_wconf 81' lang='lat' dir='ltr'>odia,</span> <span class='ocrx_word' id='word_1_16' title='bbox 1016 657 1126 730; x_wconf 87' lang='lat' dir='ltr'>nullas</span> <span class='ocrx_word' id='word_1_17' title='bbox 1144 653 1297 752; x_wconf 79' lang='lat' dir='ltr'>injurias,</span> 
     </span>
     <span class='ocr_line' id='line_1_4' title="bbox 320 761 1346 878; baseline -0.003 -26"><span class='ocrx_word' id='word_1_18' title='bbox 320 785 351 842; x_wconf 63' lang='lat' dir='ltr'>l‘</span> <span class='ocrx_word' id='word_1_19' title='bbox 367 803 432 852; x_wconf 90' lang='lat' dir='ltr'>nec</span> <span class='ocrx_word' id='word_1_20' title='bbox 461 777 664 878; x_wconf 86' lang='lat' dir='ltr'><strong>cupidinem</strong></span> <span class='ocrx_word' id='word_1_21' title='bbox 691 777 831 852; x_wconf 85' lang='lat' dir='ltr'>ultionis</span> <span class='ocrx_word' id='word_1_22' title='bbox 859 761 1029 851; x_wconf 84' lang='lat' dir='ltr'>adferre.”</span> <span class='ocrx_word' id='word_1_23' title='bbox 1096 778 1194 850; x_wconf 92' lang='lat' dir='ltr'>Tum</span> <span class='ocrx_word' id='word_1_24' title='bbox 1211 772 1298 850; x_wconf 64' lang='lat' dir='ltr'>=sor·</span> <span class='ocrx_word' id='word_1_25' title='bbox 1344 771 1346 776; x_wconf 67' lang='grc'><strong>’</strong></span> 
     </span>
     <span class='ocr_line' id='line_1_5' title="bbox 319 895 1297 997; baseline -0.003 -25"><span class='ocrx_word' id='word_1_26' title='bbox 319 923 416 980; x_wconf 83' lang='lat' dir='ltr'>ruam</span> <span class='ocrx_word' id='word_1_27' title='bbox 439 897 546 974; x_wconf 83' lang='lat' dir='ltr'>futuri</span> <span class='ocrx_word' id='word_1_28' title='bbox 575 897 793 997; x_wconf 75' lang='lat' dir='ltr'>principatlts</span> <span class='ocrx_word' id='word_1_29' title='bbox 823 897 1036 996; x_wconf 77' lang='lat' dir='ltr'>prascripfit‚</span> <span class='ocrx_word' id='word_1_30' title='bbox 1071 923 1112 972; x_wconf 90' lang='lat' dir='ltr'>ea</span> <span class='ocrx_word' id='word_1_31' title='bbox 1145 895 1297 972; x_wconf 70' lang='lat' dir='ltr'>maxime</span> 
     </span>
     <span class='ocr_line' id='line_1_6' title="bbox 320 1006 1300 1130; baseline -0.004 -35"><span class='ocrx_word' id='word_1_32' title='bbox 320 1021 511 1130; x_wconf 71' lang='lat' dir='ltr'>declinans,</span> <span class='ocrx_word' id='word_1_33' title='bbox 526 1006 678 1118; x_wconf 87' lang='lat' dir='ltr'>quorum</span> <span class='ocrx_word' id='word_1_34' title='bbox 693 1043 811 1094; x_wconf 87' lang='lat' dir='ltr'>recens</span> <span class='ocrx_word' id='word_1_35' title='bbox 823 1023 991 1118; x_wconf 81' lang='lat' dir='ltr'>flagrabat</span> <span class='ocrx_word' id='word_1_36' title='bbox 1007 1020 1147 1096; x_wconf 90' lang='lat' dir='ltr'>invidia.</span> <span class='ocrx_word' id='word_1_37' title='bbox 1173 1026 1201 1078; x_wconf 65' lang='lat'>‘⁴</span> <span class='ocrx_word' id='word_1_38' title='bbox 1214 1019 1300 1092; x_wconf 81' lang='lat' dir='ltr'>Non</span> 
     </span>
     <span class='ocr_line' id='line_1_7' title="bbox 321 1135 1297 1240; baseline -0.005 -25"><span class='ocrx_word' id='word_1_39' title='bbox 321 1149 350 1206; x_wconf 88' lang='lat'>.“</span> <span class='ocrx_word' id='word_1_40' title='bbox 366 1142 462 1216; x_wconf 89' lang='lat' dir='ltr'>enim</span> <span class='ocrx_word' id='word_1_41' title='bbox 479 1141 511 1220; x_wconf 89' lang='lat' dir='ltr'>se</span> <span class='ocrx_word' id='word_1_42' title='bbox 527 1141 752 1240; x_wconf 83' lang='lat' dir='ltr'>negotiorum</span> <span class='ocrx_word' id='word_1_43' title='bbox 780 1141 941 1216; x_wconf 92' lang='lat' dir='ltr'>omnium</span> <span class='ocrx_word' id='word_1_44' title='bbox 956 1140 1114 1240; x_wconf 86' lang='lat' dir='ltr'>judicem</span> <span class='ocrx_word' id='word_1_45' title='bbox 1130 1140 1214 1230; x_wconf 84' lang='lat' dir='ltr'>fore,</span> <span class='ocrx_word' id='word_1_46' title='bbox 1243 1135 1297 1229; x_wconf 66' lang='lat' dir='ltr'>ut}</span> 
     </span>
     <span class='ocr_line' id='line_1_8' title="bbox 322 1259 1297 1350; baseline -0.005 -13"><span class='ocrx_word' id='word_1_47' title='bbox 322 1271 350 1308; x_wconf 89' lang='lat'><strong>“</strong></span> <span class='ocrx_word' id='word_1_48' title='bbox 369 1266 488 1338; x_wconf 80' lang='lat' dir='ltr'>clausrs</span> <span class='ocrx_word' id='word_1_49' title='bbox 504 1289 612 1338; x_wconf 91' lang='lat' dir='ltr'>unam</span> <span class='ocrx_word' id='word_1_50' title='bbox 627 1263 715 1336; x_wconf 89' lang='lat' dir='ltr'>intra</span> <span class='ocrx_word' id='word_1_51' title='bbox 730 1265 878 1338; x_wconf 89' lang='lat' dir='ltr'>domum</span> <span class='ocrx_word' id='word_1_52' title='bbox 903 1262 1156 1337; x_wconf 88' lang='lat' dir='ltr'>accusatoribus</span> <span class='ocrx_word' id='word_1_53' title='bbox 1170 1266 1207 1334; x_wconf 71' lang='lat' dir='ltr'>sle</span> <span class='ocrx_word' id='word_1_54' title='bbox 1220 1259 1297 1350; x_wconf 67' lang='lat' dir='ltr'>reis}</span> 
     </span>
     <span class='ocr_line' id='line_1_9' title="bbox 322 1383 1300 1483; baseline -0.005 -24"><span class='ocrx_word' id='word_1_55' title='bbox 322 1391 563 1483; x_wconf 85' lang='lat' dir='ltr'>“paucorum</span> <span class='ocrx_word' id='word_1_56' title='bbox 589 1384 745 1482; x_wconf 91' lang='lat' dir='ltr'>potentia</span> <span class='ocrx_word' id='word_1_57' title='bbox 773 1387 985 1480; x_wconf 79' lang='lat' dir='ltr'>grassaretur.</span> <span class='ocrx_word' id='word_1_58' title='bbox 1041 1383 1145 1456; x_wconf 91' lang='lat' dir='ltr'>Nihil</span> <span class='ocrx_word' id='word_1_59' title='bbox 1171 1383 1216 1455; x_wconf 90' lang='lat' dir='ltr'>in·</span> <span class='ocrx_word' id='word_1_60' title='bbox 1237 1404 1300 1478; x_wconf 91' lang='lat' dir='ltr'>pe·</span> 
     </span>
     <span class='ocr_line' id='line_1_10' title="bbox 324 1502 1300 1600; baseline -0.006 -20"><span class='ocrx_word' id='word_1_61' title='bbox 324 1514 353 1552; x_wconf 87' lang='lat'><strong><em>“</em></strong></span> <span class='ocrx_word' id='word_1_62' title='bbox 370 1506 510 1580; x_wconf 87' lang='lat' dir='ltr'>natibus</span> <span class='ocrx_word' id='word_1_63' title='bbox 541 1503 606 1577; x_wconf 84' lang='lat' dir='ltr'>suis</span> <span class='ocrx_word' id='word_1_64' title='bbox 639 1503 775 1592; x_wconf 90' lang='lat' dir='ltr'>venale,</span> <span class='ocrx_word' id='word_1_65' title='bbox 812 1522 871 1574; x_wconf 91' lang='lat' dir='ltr'>aut</span> <span class='ocrx_word' id='word_1_66' title='bbox 900 1502 1085 1576; x_wconf 85' lang='lat' dir='ltr'>ambitioni</span> <span class='ocrx_word' id='word_1_67' title='bbox 1113 1503 1300 1600; x_wconf 64' lang='lat' dir='ltr'>pervium}</span> 
     </span>
     <span class='ocr_line' id='line_1_11' title="bbox 322 1617 1301 1726; baseline -0.002 -30"><span class='ocrx_word' id='word_1_68' title='bbox 322 1623 550 1698; x_wconf 87' lang='lat' dir='ltr'>“discretam</span> <span class='ocrx_word' id='word_1_69' title='bbox 578 1624 727 1694; x_wconf 92' lang='lat' dir='ltr'>domum</span> <span class='ocrx_word' id='word_1_70' title='bbox 755 1627 800 1726; x_wconf 19' lang='grc' dir='ltr'>δι’</span> <span class='ocrx_word' id='word_1_71' title='bbox 819 1622 1084 1719; x_wconf 83' lang='lat' dir='ltr'>rempublicam.</span> <span class='ocrx_word' id='word_1_72' title='bbox 1145 1617 1301 1696; x_wconf 82' lang='lat' dir='ltr'>Teneiet</span> 
     </span>
     <span class='ocr_line' id='line_1_12' title="bbox 324 1740 1300 1841; baseline -0.002 -25"><span class='ocrx_word' id='word_1_73' title='bbox 324 1751 354 1794; x_wconf 84' lang='lat'><strong><em>“</em></strong></span> <span class='ocrx_word' id='word_1_74' title='bbox 370 1743 513 1841; x_wconf 87' lang='lat' dir='ltr'>antiqua</span> <span class='ocrx_word' id='word_1_75' title='bbox 540 1741 660 1815; x_wconf 81' lang='lat' dir='ltr'>munia</span> <span class='ocrx_word' id='word_1_76' title='bbox 687 1740 832 1815; x_wconf 88' lang='lat' dir='ltr'>senatus.</span> <span class='ocrx_word' id='word_1_77' title='bbox 899 1741 1092 1815; x_wconf 86' lang='lat' dir='ltr'>Consulum</span> <span class='ocrx_word' id='word_1_78' title='bbox 1119 1741 1300 1830; x_wconf 57' lang='lat' dir='ltr'>tribunali}¹</span> 
     </span>
     <span class='ocr_line' id='line_1_13' title="bbox 228 1856 1299 1968; baseline 0.001 -32"><span class='ocrx_word' id='word_1_79' title='bbox 228 1947 235 1968; x_wconf 25' lang='lat' dir='ltr'>x</span> <span class='ocrx_word' id='word_1_80' title='bbox 322 1866 433 1936; x_wconf 85' lang='lat' dir='ltr'>“bus</span> <span class='ocrx_word' id='word_1_81' title='bbox 474 1861 571 1936; x_wconf 86' lang='lat' dir='ltr'>Italia</span> <span class='ocrx_word' id='word_1_82' title='bbox 605 1869 638 1936; x_wconf 74' lang='grc' dir='ltr'>δι</span> <span class='ocrx_word' id='word_1_83' title='bbox 677 1861 827 1961; x_wconf 87' lang='lat' dir='ltr'>publicae</span> <span class='ocrx_word' id='word_1_84' title='bbox 860 1863 1053 1960; x_wconf 83' lang='lat' dir='ltr'>provinciae</span> <span class='ocrx_word' id='word_1_85' title='bbox 1091 1856 1299 1941; x_wconf 83' lang='lat' dir='ltr'>adsrsterent.</span> 
     </span>
     <span class='ocr_line' id='line_1_14' title="bbox 323 1963 1302 2084; baseline 0.002 -28"><span class='ocrx_word' id='word_1_86' title='bbox 323 1993 351 2034; x_wconf 86' lang='lat'><strong>“</strong></span> <span class='ocrx_word' id='word_1_87' title='bbox 369 1984 426 2056; x_wconf 91' lang='lat' dir='ltr'>llli</span> <span class='ocrx_word' id='word_1_88' title='bbox 459 2003 599 2082; x_wconf 88' lang='lat' dir='ltr'>patrum</span> <span class='ocrx_word' id='word_1_89' title='bbox 632 1963 768 2058; x_wconf 81' lang='lat' dir='ltr'>aditum</span> <span class='ocrx_word' id='word_1_90' title='bbox 808 1987 1023 2084; x_wconf 76' lang='lat' dir='ltr'>preberent:</span> <span class='ocrx_word' id='word_1_91' title='bbox 1068 1982 1102 2058; x_wconf 91' lang='lat' dir='ltr'>se</span> <span class='ocrx_word' id='word_1_92' title='bbox 1122 1964 1302 2061; x_wconf 74' lang='lat' dir='ltr'>¹mandacii</span> 
     </span>
     <span class='ocr_line' id='line_1_15' title="bbox 323 2105 1292 2182; baseline 0 -3"><span class='ocrx_word' id='word_1_93' title='bbox 323 2106 583 2182; x_wconf 80' lang='lat' dir='ltr'>“exercitibus</span> <span class='ocrx_word' id='word_1_94' title='bbox 606 2105 878 2180; x_wconf 88' lang='lat' dir='ltr'>consulturum.”</span> <span class='ocrx_word' id='word_1_95' title='bbox 910 2147 914 2154; x_wconf 96' lang='lat'><em>·</em></span> <span class='ocrx_word' id='word_1_96' title='bbox 1038 2171 1039 2174; x_wconf 66' lang='grc'>,</span> <span class='ocrx_word' id='word_1_97' title='bbox 1290 2119 1292 2123; x_wconf 82' lang='grc'><strong>“</strong></span> 
     </span>
     <span class='ocr_line' id='line_1_16' title="bbox 326 2225 1302 2330; baseline 0 -30"><span class='ocrx_word' id='word_1_98' title='bbox 326 2230 417 2302; x_wconf 77' lang='lat' dir='ltr'><strong>-·V·.</strong></span> <span class='ocrx_word' id='word_1_99' title='bbox 443 2231 531 2304; x_wconf 77' lang='lat' dir='ltr'>Nnc</span> <span class='ocrx_word' id='word_1_100' title='bbox 565 2225 678 2305; x_wconf 89' lang='lat' dir='ltr'>defuit</span> <span class='ocrx_word' id='word_1_101' title='bbox 708 2228 806 2302; x_wconf 88' lang='lat' dir='ltr'>fides.</span> <span class='ocrx_word' id='word_1_102' title='bbox 865 2229 1054 2330; x_wconf 89' lang='lat' dir='ltr'>Multaque</span> <span class='ocrx_word' id='word_1_103' title='bbox 1082 2225 1221 2301; x_wconf 87' lang='lat' dir='ltr'>arbitrio</span> <span class='ocrx_word' id='word_1_104' title='bbox 1251 2226 1302 2300; x_wconf 85' lang='lat' dir='ltr'>se·</span> 
     </span>
     <span class='ocr_line' id='line_1_17' title="bbox 323 2345 1301 2446; baseline 0.002 -24"><span class='ocrx_word' id='word_1_105' title='bbox 323 2350 428 2424; x_wconf 72' lang='lat' dir='ltr'>natus</span> <span class='ocrx_word' id='word_1_106' title='bbox 458 2350 645 2423; x_wconf 89' lang='lat' dir='ltr'>constituta</span> <span class='ocrx_word' id='word_1_107' title='bbox 684 2347 786 2422; x_wconf 52' lang='lat' dir='ltr'>sunt&#39;:</span> <span class='ocrx_word' id='word_1_108' title='bbox 834 2351 941 2422; x_wconf 88' lang='lat' dir='ltr'>“Ne</span> <span class='ocrx_word' id='word_1_109' title='bbox 973 2349 1050 2446; x_wconf 90' lang='lat' dir='ltr'>quis</span> <span class='ocrx_word' id='word_1_110' title='bbox 1083 2349 1128 2422; x_wconf 91' lang='lat' dir='ltr'>ad</span> <span class='ocrx_word' id='word_1_111' title='bbox 1160 2345 1301 2424; x_wconf 81' lang='lat' dir='ltr'>causam</span> 
     </span>
     <span class='ocr_line' id='line_1_18' title="bbox 326 2466 1299 2560; baseline -0.003 -17"><span class='ocrx_word' id='word_1_112' title='bbox 326 2466 539 2543; x_wconf 78' lang='lat' dir='ltr'>“orandam</span> <span class='ocrx_word' id='word_1_113' title='bbox 556 2467 717 2539; x_wconf 87' lang='lat' dir='ltr'>mercede</span> <span class='ocrx_word' id='word_1_114' title='bbox 733 2487 792 2540; x_wconf 88' lang='lat' dir='ltr'>aut</span> <span class='ocrx_word' id='word_1_115' title='bbox 807 2467 909 2539; x_wconf 90' lang='lat' dir='ltr'>donis</span> <span class='ocrx_word' id='word_1_116' title='bbox 927 2482 1110 2560; x_wconf 83' lang='lat' dir='ltr'>emeretur.</span> <span class='ocrx_word' id='word_1_117' title='bbox 1162 2471 1221 2540; x_wconf 90' lang='lat' dir='ltr'>Ne</span> <span class='ocrx_word' id='word_1_118' title='bbox 1237 2469 1299 2540; x_wconf 85' lang='lat' dir='ltr'>de-</span> 
     </span>
     <span class='ocr_line' id='line_1_19' title="bbox 328 2585 1304 2688; baseline -0.001 -25"><span class='ocrx_word' id='word_1_119' title='bbox 328 2598 357 2638; x_wconf 88' lang='lat'><strong><em>“</em></strong></span> <span class='ocrx_word' id='word_1_120' title='bbox 384 2586 521 2687; x_wconf 85' lang='lat' dir='ltr'>fignatis</span> <span class='ocrx_word' id='word_1_121' title='bbox 545 2585 689 2684; x_wconf 91' lang='lat' dir='ltr'>quidem</span> <span class='ocrx_word' id='word_1_122' title='bbox 708 2586 936 2684; x_wconf 87' lang='lat' dir='ltr'>quaestoribus</span> <span class='ocrx_word' id='word_1_123' title='bbox 953 2586 1080 2688; x_wconf 86' lang='lat' dir='ltr'>edendi</span> <span class='ocrx_word' id='word_1_124' title='bbox 1097 2587 1304 2683; x_wconf 83' lang='lat' dir='ltr'>gladiatores</span> 
     </span>
     <span class='ocr_line' id='line_1_20' title="bbox 326 2705 1302 2805; baseline 0 -24"><span class='ocrx_word' id='word_1_125' title='bbox 326 2718 356 2758; x_wconf 87' lang='lat'>“</span> <span class='ocrx_word' id='word_1_126' title='bbox 374 2709 547 2787; x_wconf 77' lang='lat' dir='ltr'>neceffitas</span> <span class='ocrx_word' id='word_1_127' title='bbox 579 2707 697 2779; x_wconf 85' lang='lat' dir='ltr'>effet.&#39;&#39;</span> <span class='ocrx_word' id='word_1_128' title='bbox 763 2708 872 2805; x_wconf 82' lang='lat' dir='ltr'>Qrod</span> <span class='ocrx_word' id='word_1_129' title='bbox 910 2706 1067 2803; x_wconf 89' lang='lat' dir='ltr'>quidem,</span> <span class='ocrx_word' id='word_1_130' title='bbox 1102 2705 1302 2781; x_wconf 87' lang='lat' dir='ltr'>adversante</span> 
     </span>
     <span class='ocr_line' id='line_1_21' title="bbox 323 2827 1303 2928; baseline 0.002 -29"><span class='ocrx_word' id='word_1_131' title='bbox 323 2827 533 2928; x_wconf 65' lang='lat' dir='ltr'>Agrippina,</span> <span class='ocrx_word' id='word_1_132' title='bbox 576 2835 605 2870; x_wconf 89' lang='lat'><strong>“</strong></span> <span class='ocrx_word' id='word_1_133' title='bbox 622 2847 804 2926; x_wconf 87' lang='lat' dir='ltr'>tamquam</span> <span class='ocrx_word' id='word_1_134' title='bbox 843 2829 918 2901; x_wconf 71' lang='lat' dir='ltr'>aeta</span> <span class='ocrx_word' id='word_1_135' title='bbox 947 2828 1085 2902; x_wconf 91' lang='lat' dir='ltr'>Claudii</span> <span class='ocrx_word' id='word_1_136' title='bbox 1124 2828 1303 2906; x_wconf 82' lang='lat' dir='ltr'>subverte-</span> 
     </span>
    </p>

    <p class='ocr_par' dir='ltr' id='par_1_3' title="bbox 322 2929 1382 3776">
     <span class='ocr_line' id='line_1_22' title="bbox 325 2929 1382 3048; baseline -0.001 -24"><span class='ocrx_word' id='word_1_137' title='bbox 325 2959 354 2997; x_wconf 84' lang='lat'><strong>“</strong></span> <span class='ocrx_word' id='word_1_138' title='bbox 372 2952 527 3040; x_wconf 89' lang='lat' dir='ltr'>rentur,&#39;&#39;</span> <span class='ocrx_word' id='word_1_139' title='bbox 554 2951 733 3026; x_wconf 66' lang='lat' dir='ltr'>obtinuere</span> <span class='ocrx_word' id='word_1_140' title='bbox 756 2969 867 3048; x_wconf 86' lang='lat' dir='ltr'>patres</span> <span class='ocrx_word' id='word_1_141' title='bbox 884 2965 903 3022; x_wconf 89' lang='lat'>:&#39;</span> <span class='ocrx_word' id='word_1_142' title='bbox 929 2949 997 3048; x_wconf 86' lang='lat' dir='ltr'>qui</span> <span class='ocrx_word' id='word_1_143' title='bbox 1014 2949 1050 3023; x_wconf 90' lang='lat' dir='ltr'>in</span> <span class='ocrx_word' id='word_1_144' title='bbox 1067 2949 1233 3048; x_wconf 90' lang='lat' dir='ltr'>palatium</span> <span class='ocrx_word' id='word_1_145' title='bbox 1255 2952 1303 3023; x_wconf 93' lang='lat' dir='ltr'>ob</span> <span class='ocrx_word' id='word_1_146' title='bbox 1376 2929 1382 2938; x_wconf 94' lang='lat'><em>.</em></span> 
     </span>
     <span class='ocr_line' id='line_1_23' title="bbox 323 3069 1301 3172; baseline 0 -29"><span class='ocrx_word' id='word_1_147' title='bbox 323 3071 361 3143; x_wconf 92' lang='lat' dir='ltr'>id</span> <span class='ocrx_word' id='word_1_148' title='bbox 389 3073 618 3162; x_wconf 87' lang='lat' dir='ltr'>vocabantur,</span> <span class='ocrx_word' id='word_1_149' title='bbox 657 3091 697 3146; x_wconf 88' lang='lat' dir='ltr'>ut</span> <span class='ocrx_word' id='word_1_150' title='bbox 728 3072 878 3146; x_wconf 86' lang='lat' dir='ltr'>adstaret</span> <span class='ocrx_word' id='word_1_151' title='bbox 908 3072 1033 3146; x_wconf 88' lang='lat' dir='ltr'>abditis</span> <span class='ocrx_word' id='word_1_152' title='bbox 1062 3099 1082 3145; x_wconf 87' lang='lat' dir='ltr'>a</span> <span class='ocrx_word' id='word_1_153' title='bbox 1111 3092 1210 3172; x_wconf 87' lang='lat' dir='ltr'>tergo</span> <span class='ocrx_word' id='word_1_154' title='bbox 1248 3069 1301 3143; x_wconf 86' lang='lat' dir='ltr'>so·</span> 
     </span>
     <span class='ocr_line' id='line_1_24' title="bbox 322 3191 1303 3289; baseline -0.001 -24"><span class='ocrx_word' id='word_1_155' title='bbox 322 3193 417 3266; x_wconf 83' lang='lat' dir='ltr'>ribus</span> <span class='ocrx_word' id='word_1_156' title='bbox 438 3195 520 3266; x_wconf 90' lang='lat' dir='ltr'>velo</span> <span class='ocrx_word' id='word_1_157' title='bbox 543 3192 699 3282; x_wconf 88' lang='lat' dir='ltr'>discreta,</span> <span class='ocrx_word' id='word_1_158' title='bbox 730 3193 827 3289; x_wconf 92' lang='lat' dir='ltr'>quod</span> <span class='ocrx_word' id='word_1_159' title='bbox 849 3191 961 3266; x_wconf 90' lang='lat' dir='ltr'>visum</span> <span class='ocrx_word' id='word_1_160' title='bbox 989 3212 1133 3285; x_wconf 87' lang='lat' dir='ltr'>arceret,</span> <span class='ocrx_word' id='word_1_161' title='bbox 1164 3191 1303 3266; x_wconf 75' lang='lat' dir='ltr'>auditus</span> 
     </span>
     <span class='ocr_line' id='line_1_25' title="bbox 324 3312 1302 3412; baseline -0.002 -26"><span class='ocrx_word' id='word_1_162' title='bbox 324 3339 397 3387; x_wconf 92' lang='lat' dir='ltr'>non</span> <span class='ocrx_word' id='word_1_163' title='bbox 417 3313 597 3392; x_wconf 84' lang='lat' dir='ltr'>adimeret.</span> <span class='ocrx_word' id='word_1_164' title='bbox 647 3313 744 3412; x_wconf 79' lang='lat' dir='ltr'>Qin</span> <span class='ocrx_word' id='word_1_165' title='bbox 762 3317 795 3384; x_wconf 75' lang='lat' dir='ltr'>de</span> <span class='ocrx_word' id='word_1_166' title='bbox 813 3312 934 3412; x_wconf 88' lang='lat' dir='ltr'>legatis</span> <span class='ocrx_word' id='word_1_167' title='bbox 952 3313 1202 3388; x_wconf 89' lang='lat' dir='ltr'>Armeniorum</span> <span class='ocrx_word' id='word_1_168' title='bbox 1220 3339 1302 3385; x_wconf 52' lang='lat' dir='ltr'>cau*</span> 
     </span>
     <span class='ocr_line' id='line_1_26' title="bbox 325 3430 1305 3533; baseline -0.004 -26"><span class='ocrx_word' id='word_1_169' title='bbox 325 3434 410 3510; x_wconf 48' lang='lat' dir='ltr'>sam¹</span> <span class='ocrx_word' id='word_1_170' title='bbox 431 3435 558 3533; x_wconf 85' lang='lat' dir='ltr'>gentis·</span> <span class='ocrx_word' id='word_1_171' title='bbox 571 3436 667 3532; x_wconf 89' lang='lat' dir='ltr'>apud</span> <span class='ocrx_word' id='word_1_172' title='bbox 696 3437 878 3508; x_wconf 88' lang='lat' dir='ltr'>Neronem</span> <span class='ocrx_word' id='word_1_173' title='bbox 900 3435 1091 3524; x_wconf 82' lang='lat' dir='ltr'>orantibus,</span> <span class='ocrx_word' id='word_1_174' title='bbox 1122 3430 1305 3514; x_wconf 85' lang='lat' dir='ltr'>escendere</span> 
     </span>
     <span class='ocr_line' id='line_1_27' title="bbox 324 3554 1302 3654; baseline -0.001 -27"><span class='ocrx_word' id='word_1_175' title='bbox 324 3555 527 3654; x_wconf 81' lang='lat' dir='ltr'>suggestum</span> <span class='ocrx_word' id='word_1_176' title='bbox 554 3554 789 3653; x_wconf 79' lang='lat' dir='ltr'>Imperatoria,</span> <span class='ocrx_word' id='word_1_177' title='bbox 814 3561 848 3629; x_wconf 74' lang='grc' dir='ltr'>ὅτ</span> <span class='ocrx_word' id='word_1_178' title='bbox 875 3557 1055 3652; x_wconf 85' lang='lat' dir='ltr'>praesrdere</span> <span class='ocrx_word' id='word_1_179' title='bbox 1076 3554 1174 3626; x_wconf 87' lang='lat' dir='ltr'>fimul</span> <span class='ocrx_word' id='word_1_180' title='bbox 1200 3577 1302 3649; x_wconf 84' lang='lat' dir='ltr'>para·</span> 
     </span>
     <span class='ocr_line' id='line_1_28' title="bbox 325 3673 1302 3776; baseline -0.003 -25"><span class='ocrx_word' id='word_1_181' title='bbox 325 3679 410 3770; x_wconf 82' lang='lat' dir='ltr'>bat3</span> <span class='ocrx_word' id='word_1_182' title='bbox 444 3675 521 3770; x_wconf 90' lang='lat' dir='ltr'>nifi,</span> <span class='ocrx_word' id='word_1_183' title='bbox 554 3675 674 3756; x_wconf 88' lang='lat' dir='ltr'>ceteris</span> <span class='ocrx_word' id='word_1_184' title='bbox 700 3701 829 3776; x_wconf 88' lang='lat' dir='ltr'>pavore</span> <span class='ocrx_word' id='word_1_185' title='bbox 861 3677 1001 3770; x_wconf 85' lang='lat' dir='ltr'>defixis,</span> <span class='ocrx_word' id='word_1_186' title='bbox 1024 3677 1152 3754; x_wconf 87' lang='lat' dir='ltr'>Seneca</span> <span class='ocrx_word' id='word_1_187' title='bbox 1176 3673 1302 3748; x_wconf 85' lang='lat' dir='ltr'>admo-</span> 
     </span>
    </p>
   </div>
   <div class='ocr_carea' id='block_1_3' title="bbox 0 0 1572 4864">
    <p class='ocr_par' dir='ltr' id='par_1_4' title="bbox 0 0 1572 4864">
     <span class='ocr_line' id='line_1_29' title="bbox 0 0 1572 4864; baseline 0 0"><span class='ocrx_word' id='word_1_188' title='bbox 0 0 1572 4864; x_wconf 95' lang='lat' dir='ltr'> </span> 
     </span>
    </p>
   </div>
  </div>
 </body>
</html>
