3076 4868
341 329 395 456 5οι
527 356 1118 452 C.Connsr11Tacrtr

341 541 369 578 “
387 532 523 606 ficentid
538 534 702 610 adversus
725 534 898 633 supplices
927 539 1125 612 utendum:
1153 555 1236 610 nam
1259 537 1321 610 tri.

340 661 369 697 “
386 655 539 752 umphos
554 657 599 730 de
621 655 759 753 populis
774 656 956 756 regnisque
973 657 1115 756 integris
1131 656 1306 756 adquiri.''
1328 680 1330 684 ·

385 777 487 850 XXI.
512 777 724 850 Tanutrus
742 778 818 876 post
837 780 906 856 hoc
922 777 1160 867 Mithridates,
1186 775 1319 859 vedius.

251 985 257 992 .
338 921 407 992 que
432 901 589 978 Romam
613 923 674 995 per
697 898 847 994 Junium
863 899 1040 988 Cilonem,
1062 917 1319 995 procuratorem

283 1025 287 1044 ¹
336 1016 456 1108 Ponti,
474 1015 635 1110 ferocius,
655 1020 762 1118 quam
786 1045 851 1116 pro
869 1018 1008 1094 fortuna
1023 1018 1208 1098 differuilse
1222 1019 1319 1119 apud

337 1136 504 1212 Caesarem
528 1137 711 1216 ferebatur.
777 1142 948 1238 Elataque
976 1158 1048 1214 vox
1078 1137 1148 1244 ejus
1172 1137 1210 1212 in
1239 1139 1318 1216 vul-

337 1285 424 1357 gum
442 1260 533 1334 hisce
548 1261 684 1337 verbis:
711 1267 739 1304 “
757 1263 842 1336 Non
859 1259 934 1336 sum
948 1260 1103 1335 remiffus
1119 1261 1164 1340 ad
1185 1278 1234 1349 te,
1259 1255 1320 1340 sed

337 1388 365 1424 ‘⁴
384 1380 558 1454 reversus:
574 1369 657 1471 rel,
689 1386 712 1454 si
740 1407 812 1454 non
835 1375 958 1469 credis,
982 1381 1133 1470 dimitte,
1164 1383 1198 1453 &
1221 1401 1318 1478 quae·

337 1507 365 1543 “
384 1527 421 1574 re
435 1504 472 1574 :'’
505 1504 603 1576 vultu
637 1525 779 1596 quoque
812 1498 967 1570 interrito
1000 1503 1197 1594 permanfir,
1235 1498 1319 1574 cum

333 1621 442 1692 rostra
455 1620 571 1716 juxta,
596 1619 794 1698 custodibus
811 1618 1061 1708 circumdatus,
1079 1616 1165 1692 visui
1183 1619 1318 1714 populo

333 1742 554 1838 praeberetur.
613 1737 812 1812 Consularia
840 1736 987 1836 insignia
1012 1735 1144 1826 Ciloni,
1174 1736 1317 1842 Aquilae

292 1957 294 1966 .
335 1859 494 1956 praetoria
509 1839 755 1934 decernuntur.
1308 1903 1313 1912 ·

294 1970 299 2020 t
382 1981 501 2054 XXII.
533 1982 675 2068 Irsunm
694 1978 904 2069 consulibus,
933 1999 1032 2055 atrox
1058 1979 1130 2056 odii
1147 1979 1316 2080 Agrippi-
1419 2011 1425 2018 “

333 2127 392 2192 na,
414 2128 454 2176 ae
468 2101 594 2176 Lolliae
611 2100 753 2191 infensa,
777 2102 874 2199 quod
894 2099 1009 2176 seeum
1032 2102 1076 2177 de
1092 2099 1318 2208 matrimonio

332 2223 502 2321 Principis
525 2223 730 2312 certaviffet,
761 2222 906 2322 molitur
928 2221 1087 2312 crimina,
1121 2226 1154 2295 dr
1177 2221 1319 2303 accusa-

332 2362 458 2433 torem,
478 2343 539 2440 qui
556 2342 722 2441 objiceret
747 2350 775 2384 “
791 2343 989 2434 Chaldaeos,
1008 2368 1146 2442 magos,
1171 2342 1316 2416 interro·

335 2472 363 2509 “
382 2485 573 2561 gatumquo
612 2459 787 2554 Apollinis
821 2461 927 2534 Clarii
969 2465 1190 2541 stmulacrum
1218 2461 1316 2560 super

307 2572 309 2576 ⁵
334 2580 507 2678 “nuptiis
535 2577 790 2674 Imperatoris.'’
842 2578 937 2652 Exin
953 2581 1134 2670 Claudius,
1160 2582 1314 2654 inaudita

331 2705 402 2791 rea,
436 2700 548 2772 multa
581 2701 626 2773 de
662 2697 865 2777 claritudine
908 2696 980 2797 ejus
1015 2701 1114 2797 apud
1158 2699 1314 2784 senatum

333 2817 509 2918 praefatus,
558 2819 717 2894 “sorore
757 2822 803 2894 L.
842 2820 972 2918 Volufii
1003 2820 1172 2920 genitam,
1204 2818 1315 2919 majo.

334 2949 363 2984 “
380 2967 453 3014 tem
471 2943 503 3014 ei
519 2961 684 3038 patruum
701 2943 844 3016 Cottam
860 2942 1084 3035 Messalinum
1097 2943 1178 3032 else,
1192 2943 1314 3016 Mem«

333 3069 361 3104 “
379 3060 452 3135 mio
491 3063 670 3159 quondam
709 3065 851 3162 Regulo
886 3065 1087 3162 nuptam3'
1129 3066 1231 3161 (nam
1267 3063 1313 3136 de

237 3243 240 3250 .
332 3184 374 3256 C.
415 3171 558 3260 Caesaris
595 3182 722 3280 nuptiis
757 3164 914 3258 consulto
952 3185 1136 3278 reticebat)
1179 3183 1313 3259 addidit

333 3301 588 3401 “perniciosa
580 3329 616 3374 rn
633 3303 888 3400 rempublicam
904 3306 1054 3397 consilia,
1071 3311 1115 3378 ,δι
1133 3305 1313 3378 materiem

334 3422 495 3498 “sceleri
523 3423 784 3496 detrahendam.
834 3409 952 3517 Proin,
982 3423 1170 3559 publicatis
1195 3422 1310 3514 bonis,

334 3552 361 3587 “
380 3547 515 3618 cederet
540 3543 671 3618 Italia.''
720 3545 773 3616 Ita
797 3544 1028 3646 quinquagies
1049 3543 1238 3628 sestertilrm
1265 3569 1311 3620 ex

332 3665 459 3799 opibus
493 3665 676 3763 immensis
706 3663 813 3740 exsuli
848 3667 1016 3742 relidunt.
1084 3667 1131 3740 Et
1164 3665 1310 3762 Calpur

332 3787 389 3864 nia
412 3785 562 3870 inlustris
578 3754 707 3869 femina
723 3787 941 3884 pervertitur,
964 3785 1046 3893 quia
1069 3782 1309 3892 formamque
