3120 4860
349 408 417 486 190
569 373 1149 480 C.Conu-ar,11Tncrrr

343 561 568 646 Adiabenum
584 554 756 656 regimen,
771 562 800 600 “
812 556 911 656 quod
924 555 1138 654 praefidium,
1152 571 1212 629 aut
1225 536 1330 631 unde

343 687 371 723 “
388 675 561 776 peteret,”
584 676 751 776 rogitans.
814 683 844 718 “
861 677 944 772 Jam
975 677 1022 750 de
1044 676 1214 754 Armenia
1240 701 1328 750 cona

343 805 370 841 “
388 801 545 886 celsum3
577 796 795 896 &proxima
819 796 922 888 trahi,
953 797 1013 874 nisr
1036 795 1226 870 defendant
1241 797 1328 870 Par·

342 927 371 965 “
389 920 467 994 thi:
504 919 616 993 levius
643 917 821 992 servitium
848 919 945 1016 apud
977 921 1162 996 Romanos
1185 906 1329 1008 deditii,

341 1049 371 1086 “
389 1041 498 1140 quam
514 1040 622 1139 captis
636 1041 739 1114 esse.''
788 1039 964 1116 Tiridates
977 1064 1124 1142 quoque
1136 1037 1234 1142 regni
1246 1061 1327 1135 pro-

340 1163 462 1263 fugus,
482 1188 545 1262 per
570 1161 765 1253 filentium2
784 1179 844 1235 aut
873 1160 1013 1234 modici:
1036 1133 1228 1265 querendo,
1248 1183 1328 1258 gra-

339 1283 419 1360 tior
434 1303 517 1358 erar.
568 1289 596 1328 “
614 1285 701 1357 Non
725 1282 822 1357 enim
846 1281 1002 1382 ignavia,
1031 1307 1161 1380 magna
1181 1279 1329 1379 imperia

340 1413 373 1458 “
389 1405 576 1482 contineri:
601 1405 758 1486 virorum
776 1427 1023 1501 armorumque
1035 1397 1236 1478 faciendum
1254 1425 1327 1476 cer-

341 1534 371 1572 “
388 1548 519 1601 tamen.
568 1526 610 1599 Id
626 1525 663 1597 in
675 1523 811 1597 summi
828 1521 967 1594 fortuni
978 1522 1125 1620 aequius,
1150 1521 1248 1618 quod
1266 1547 1328 1594 va·

341 1656 371 1692 “
387 1647 507 1720 lidius.
568 1645 615 1722 Et
645 1642 705 1720 sua
731 1642 896 1732 retinere,
925 1641 1070 1738 privatae
1098 1641 1250 1722 domus:
1281 1641 1331 1716 de

202 1843 205 1854 .
340 1764 507 1840 “alienis
524 1781 669 1853 certare,
688 1761 821 1860 regiam
844 1761 985 1834 laudem
1002 1759 1108 1834 esse.'’

386 1887 435 1958 ln
460 1886 602 1976 loiron
621 1903 823 1957 commotus
846 1883 900 1956 his
920 1880 1110 1982 Vologeses
1135 1883 1330 1963 concilium

338 2025 457 2098 uocat,
487 2009 522 2078 &
540 1995 747 2103 proximum
772 2003 834 2076 fibi
849 2003 1034 2078 Tiridaten
1058 2003 1250 2096 constituit,
1275 2023 1330 2078 at-

339 2152 412 2228 que
442 2125 493 2208 ita
518 2123 678 2199 orditur:
723 2129 751 2166 “
769 2126 881 2200 Hunc
907 2149 993 2224 ego,
1023 2125 1150 2198 eodem
1185 2136 1329 2200 meeum
1422 2127 1425 2131 ’

341 2257 370 2294 “
388 2268 486 2348 patre
510 2245 685 2346 genitum,
705 2243 788 2320 crim
812 2245 916 2339 mihi,
936 2229 996 2344 per
1012 2265 1167 2340 aetatem,
1189 2247 1329 2322 summo

236 2445 238 2452 ,
328 2378 369 2428 =“
388 2369 534 2445 nomine
554 2368 780 2457 concessisset,
809 2366 847 2444 io
880 2367 1122 2466 possessionem
1147 2369 1328 2446 Armenia

341 2501 370 2559 ‘.‘
387 2488 536 2579 deduxi,
565 2487 627 2586 qui
660 2487 782 2562 tertius
808 2489 971 2588 potentiae
1001 2490 1131 2588 gradus
1155 2489 1326 2566 habeturr

340 2620 370 2661 “
387 2637 472 2686 nam
504 2609 635 2684 Medos
659 2610 810 2686 Pacorus
834 2629 1072 2708 anteceperatr
1110 2606 1328 2710 videbarque

286 2799 307 2808 t.
341 2743 370 2780 “
388 2753 511 2808 contra
527 2751 642 2805 vetera
659 2729 805 2804 fratrum
821 2731 903 2806 odia
916 2736 950 2806 ὅτ
964 2729 1166 2822 certamina,
1184 2728 1328 2806 familiae

341 2859 373 2904 “
389 2853 513 2928 nostrae
526 2871 667 2950 penates
685 2850 749 2926 rite
765 2851 996 2950 composuisse
1013 2880 1021 2925 ι
1043 2852 1230 2950 prohibent
1248 2856 1326 2927 Ro·

340 2983 371 3023 “
387 2974 498 3067 mani,
518 2981 552 3048 az
569 2999 694 3073 pacem
724 2974 802 3072 ipsrs
828 2999 1028 3072 numquam
1045 2971 1203 3072 prospere
1221 2973 1325 3050 laces·

340 3104 371 3146 “
389 3101 501 3189 fitam,
531 3121 625 3170 nunc
651 3120 796 3194 quoque
816 3095 852 3170 in
874 3095 1022 3170 exitium
1050 3091 1152 3170 suum
1181 3075 1346 3170 abrum⁴¹

341 3217 373 3260 “
389 3236 489 3314 punt.
538 3217 625 3293 Non
652 3217 713 3291 ibo
736 3216 890 3292 inficias:
923 3217 1087 3317 aequitate
1116 3214 1226 3318 quarn
1252 3217 1326 3302 san.-

341 3344 370 3382 “
388 3336 509 3438 guine,
537 3333 638 3413 c'aust
667 3338 776 3438 quim
800 3339 919 3431 armis,
950 3338 1100 3416 retinere
1127 3359 1225 3438 parta
1249 3363 1326 3412 ma·

340 3457 518 3557 “joribus
543 3461 758 3534 malueram:
784 3462 807 3533 sr
830 3459 1054 3534 nuntiatione
1078 3457 1224 3555 deliqui,
1253 3456 1326 3529 uir-

342 3585 371 3624 “
387 3597 464 3654 tute
480 3580 672 3680 corrigam.
722 3580 842 3654 Vestra
858 3581 1003 3680 quidem
1031 3581 1083 3655 vis
1109 3583 1143 3654 &
1161 3577 1271 3676 gloria
1288 3577 1327 3652 in

339 3708 370 3750 “
387 3699 525 3801 integro
541 3701 604 3795 est,
631 3700 749 3775 addita
773 3702 950 3777 m'odestiae
969 3701 1087 3790 sam23
1110 3727 1188 3800 quae
1210 3719 1327 3798 neque

340 3831 372 3874 5‘
390 3822 535 3908 summis
551 3822 754 3920 mortalium
772 3823 964 3922 spernenda
975 3825 1038 3917 est,
1064 3828 1098 3900 δι
1115 3847 1136 3898 a
1152 3819 1219 3910 diis
1234 3815 1326 3897 aesti,
