<?xml version="1.0" encoding="UTF-8"?>
<!DOCTYPE html PUBLIC "-//W3C//DTD XHTML 1.0 Transitional//EN"
    "http://www.w3.org/TR/xhtml1/DTD/xhtml1-transitional.dtd">
<html xmlns="http://www.w3.org/1999/xhtml" xml:lang="en" lang="en">
 <head>
  <title>
</title>
<meta http-equiv="Content-Type" content="text/html;charset=utf-8" />
  <meta name='ocr-system' content='tesseract 3.04.00' />
  <meta name='ocr-capabilities' content='ocr_page ocr_carea ocr_par ocr_line ocrx_word'/>
</head>
<body>
  <div class='ocr_page' id='page_1' title='image "./ccorneliitaciti03freigoog_0204.png"; bbox 0 0 3120 4860; ppageno 0'>
   <div class='ocr_carea' id='block_1_1' title="bbox 431 399 1237 504">
    <p class='ocr_par' dir='ltr' id='par_1_1' title="bbox 431 399 1237 504">
     <span class='ocr_line' id='line_1_1' title="bbox 431 399 1237 504; baseline 0.005 -29"><span class='ocrx_word' id='word_1_1' title='bbox 431 401 751 475; x_wconf 68' lang='lat' dir='ltr'>·hnrtn&#39;trun</span> <span class='ocrx_word' id='word_1_2' title='bbox 785 399 903 474; x_wconf 78' lang='lat' dir='ltr'>Lrs.</span> <span class='ocrx_word' id='word_1_3' title='bbox 934 399 1017 474; x_wconf 78' lang='lat' dir='ltr'>XV.</span> <span class='ocrx_word' id='word_1_4' title='bbox 1165 425 1237 504; x_wconf 78' lang='lat'>203</span> 
     </span>
    </p>
   </div>
   <div class='ocr_carea' id='block_1_2' title="bbox 247 575 1321 1858">
    <p class='ocr_par' dir='ltr' id='par_1_2' title="bbox 247 575 1321 1858">
     <span class='ocr_line' id='line_1_2' title="bbox 260 575 1234 676; baseline 0 -25"><span class='ocrx_word' id='word_1_5' title='bbox 260 583 293 622; x_wconf 83' lang='lat'>“·</span> <span class='ocrx_word' id='word_1_6' title='bbox 308 578 342 651; x_wconf 83' lang='lat'>&amp;</span> <span class='ocrx_word' id='word_1_7' title='bbox 357 593 445 650; x_wconf 89' lang='lat' dir='ltr'>artes</span> <span class='ocrx_word' id='word_1_8' title='bbox 471 583 505 652; x_wconf 75' lang='grc' dir='ltr'>δι</span> <span class='ocrx_word' id='word_1_9' title='bbox 533 576 741 652; x_wconf 86' lang='lat' dir='ltr'>brevitatem</span> <span class='ocrx_word' id='word_1_10' title='bbox 758 575 982 676; x_wconf 88' lang='lat' dir='ltr'>adoptionis’&#39;</span> <span class='ocrx_word' id='word_1_11' title='bbox 1006 599 1234 650; x_wconf 86' lang='lat' dir='ltr'>enumerant:</span> 
     </span>
     <span class='ocr_line' id='line_1_3' title="bbox 260 693 1236 798; baseline -0.002 -26"><span class='ocrx_word' id='word_1_12' title='bbox 260 699 391 773; x_wconf 81' lang='lat' dir='ltr'>“Satis</span> <span class='ocrx_word' id='word_1_13' title='bbox 422 693 520 798; x_wconf 80' lang='lat' dir='ltr'>pretii</span> <span class='ocrx_word' id='word_1_14' title='bbox 550 702 618 773; x_wconf 86' lang='lat' dir='ltr'>else</span> <span class='ocrx_word' id='word_1_15' title='bbox 650 699 758 789; x_wconf 88' lang='lat' dir='ltr'>orbis,</span> <span class='ocrx_word' id='word_1_16' title='bbox 784 697 883 797; x_wconf 79' lang='lat' dir='ltr'>quod</span> <span class='ocrx_word' id='word_1_17' title='bbox 911 699 1022 770; x_wconf 73' lang='lat' dir='ltr'>ntultb</span> <span class='ocrx_word' id='word_1_18' title='bbox 1046 693 1236 788; x_wconf 76' lang='lat' dir='ltr'>securitate,</span> 
     </span>
     <span class='ocr_line' id='line_1_4' title="bbox 262 819 1240 918; baseline 0 -26"><span class='ocrx_word' id='word_1_19' title='bbox 262 819 411 892; x_wconf 88' lang='lat' dir='ltr'>“nullis</span> <span class='ocrx_word' id='word_1_20' title='bbox 457 819 634 910; x_wconf 90' lang='lat' dir='ltr'>oneribus,</span> <span class='ocrx_word' id='word_1_21' title='bbox 686 819 846 918; x_wconf 83' lang='lat' dir='ltr'>gratiam,</span> <span class='ocrx_word' id='word_1_22' title='bbox 895 821 1058 909; x_wconf 88' lang='lat' dir='ltr'>honores,</span> <span class='ocrx_word' id='word_1_23' title='bbox 1111 822 1240 892; x_wconf 72' lang='lat' dir='ltr'>cunda</span> 
     </span>
     <span class='ocr_line' id='line_1_5' title="bbox 259 939 1237 1040; baseline -0.001 -26"><span class='ocrx_word' id='word_1_24' title='bbox 259 949 471 1040; x_wconf 90' lang='lat' dir='ltr'>“prompta</span> <span class='ocrx_word' id='word_1_25' title='bbox 496 945 529 1014; x_wconf 63' lang='grc' dir='ltr'>ὃς</span> <span class='ocrx_word' id='word_1_26' title='bbox 554 939 660 1014; x_wconf 85' lang='lat' dir='ltr'>obvia</span> <span class='ocrx_word' id='word_1_27' title='bbox 680 941 858 1014; x_wconf 84' lang='lat' dir='ltr'><strong>haberent.</strong></span> <span class='ocrx_word' id='word_1_28' title='bbox 907 940 979 1014; x_wconf 87' lang='lat' dir='ltr'>Sibi</span> <span class='ocrx_word' id='word_1_29' title='bbox 1002 939 1166 1038; x_wconf 85' lang='lat' dir='ltr'>promissa</span> <span class='ocrx_word' id='word_1_30' title='bbox 1188 943 1237 1013; x_wconf 89' lang='lat' dir='ltr'>le-</span> 
     </span>
     <span class='ocr_line' id='line_1_6' title="bbox 247 1051 1236 1164; baseline -0.002 -28"><span class='ocrx_word' id='word_1_31' title='bbox 247 1051 289 1107; x_wconf 74' lang='lat'>&#39;“</span> <span class='ocrx_word' id='word_1_32' title='bbox 309 1089 396 1164; x_wconf 84' lang='lat' dir='ltr'>gum</span> <span class='ocrx_word' id='word_1_33' title='bbox 414 1057 476 1133; x_wconf 89' lang='lat' dir='ltr'>diu</span> <span class='ocrx_word' id='word_1_34' title='bbox 494 1058 689 1158; x_wconf 71' lang='lat' dir='ltr'>exspesiata</span> <span class='ocrx_word' id='word_1_35' title='bbox 710 1061 746 1134; x_wconf 91' lang='lat' dir='ltr'>in</span> <span class='ocrx_word' id='word_1_36' title='bbox 774 1059 964 1134; x_wconf 83' lang='lat' dir='ltr'>ludibrium</span> <span class='ocrx_word' id='word_1_37' title='bbox 990 1061 1093 1152; x_wconf 89' lang='lat' dir='ltr'>verti,</span> <span class='ocrx_word' id='word_1_38' title='bbox 1123 1088 1236 1158; x_wconf 88' lang='lat' dir='ltr'>quan-</span> 
     </span>
     <span class='ocr_line' id='line_1_7' title="bbox 260 1180 1240 1281; baseline 0 -25"><span class='ocrx_word' id='word_1_39' title='bbox 260 1185 356 1256; x_wconf 90' lang='lat' dir='ltr'>“do</span> <span class='ocrx_word' id='word_1_40' title='bbox 395 1181 474 1281; x_wconf 92' lang='lat' dir='ltr'>quis</span> <span class='ocrx_word' id='word_1_41' title='bbox 505 1186 572 1254; x_wconf 85' lang='lat' dir='ltr'>srne</span> <span class='ocrx_word' id='word_1_42' title='bbox 595 1180 826 1255; x_wconf 91' lang='lat' dir='ltr'>sollicitudine</span> <span class='ocrx_word' id='word_1_43' title='bbox 855 1207 989 1278; x_wconf 85' lang='lat' dir='ltr'>parens,</span> <span class='ocrx_word' id='word_1_44' title='bbox 1033 1185 1102 1254; x_wconf 89' lang='lat' dir='ltr'>fine</span> <span class='ocrx_word' id='word_1_45' title='bbox 1143 1185 1240 1256; x_wconf 72' lang='lat' dir='ltr'>lustu</span> 
     </span>
     <span class='ocr_line' id='line_1_8' title="bbox 260 1302 1321 1400; baseline 0.001 -26"><span class='ocrx_word' id='word_1_46' title='bbox 260 1309 289 1346; x_wconf 90' lang='lat'><strong>“</strong></span> <span class='ocrx_word' id='word_1_47' title='bbox 309 1306 429 1392; x_wconf 89' lang='lat' dir='ltr'>orbus,</span> <span class='ocrx_word' id='word_1_48' title='bbox 460 1304 565 1400; x_wconf 83' lang='lat' dir='ltr'>longa</span> <span class='ocrx_word' id='word_1_49' title='bbox 582 1323 725 1400; x_wconf 86' lang='lat' dir='ltr'>patrum</span> <span class='ocrx_word' id='word_1_50' title='bbox 740 1321 822 1375; x_wconf 86' lang='lat' dir='ltr'>vota</span> <span class='ocrx_word' id='word_1_51' title='bbox 839 1302 978 1399; x_wconf 66' lang='lat' dir='ltr'>repente</span> <span class='ocrx_word' id='word_1_52' title='bbox 1004 1304 1240 1400; x_wconf 55' lang='lat' dir='ltr'>adaquaret?</span> <span class='ocrx_word' id='word_1_53' title='bbox 1319 1387 1321 1390; x_wconf 37' lang='grc'><strong>,</strong></span> 
     </span>
     <span class='ocr_line' id='line_1_9' title="bbox 260 1422 1241 1512; baseline 0.002 -16"><span class='ocrx_word' id='word_1_54' title='bbox 260 1425 408 1496; x_wconf 68' lang='lat' dir='ltr'>Fadum</span> <span class='ocrx_word' id='word_1_55' title='bbox 439 1449 483 1496; x_wconf 86' lang='lat' dir='ltr'>ex</span> <span class='ocrx_word' id='word_1_56' title='bbox 515 1449 557 1496; x_wconf 94' lang='lat' dir='ltr'>eo</span> <span class='ocrx_word' id='word_1_57' title='bbox 589 1422 931 1512; x_wconf 79' lang='lat' dir='ltr'>senatusconsultum,</span> <span class='ocrx_word' id='word_1_58' title='bbox 964 1429 993 1466; x_wconf 91' lang='lat'><strong>“</strong></span> <span class='ocrx_word' id='word_1_59' title='bbox 1010 1448 1055 1496; x_wconf 89' lang='lat' dir='ltr'>ne</span> <span class='ocrx_word' id='word_1_60' title='bbox 1085 1425 1241 1498; x_wconf 79' lang='lat' dir='ltr'>simulata</span> 
     </span>
     <span class='ocr_line' id='line_1_10' title="bbox 259 1543 1319 1642; baseline 0.002 -26"><span class='ocrx_word' id='word_1_61' title='bbox 259 1544 450 1640; x_wconf 83' lang='lat' dir='ltr'>“adoptio</span> <span class='ocrx_word' id='word_1_62' title='bbox 479 1544 515 1616; x_wconf 89' lang='lat' dir='ltr'>in</span> <span class='ocrx_word' id='word_1_63' title='bbox 541 1545 612 1616; x_wconf 71' lang='lat' dir='ltr'>ulle</span> <span class='ocrx_word' id='word_1_64' title='bbox 642 1565 740 1641; x_wconf 83' lang='lat' dir='ltr'>parte</span> <span class='ocrx_word' id='word_1_65' title='bbox 765 1545 918 1626; x_wconf 87' lang='lat' dir='ltr'>muneris</span> <span class='ocrx_word' id='word_1_66' title='bbox 936 1543 1069 1641; x_wconf 85' lang='lat' dir='ltr'>publici</span> <span class='ocrx_word' id='word_1_67' title='bbox 1088 1543 1238 1642; x_wconf 82' lang='lat' dir='ltr'>juvaret,</span> <span class='ocrx_word' id='word_1_68' title='bbox 1316 1603 1319 1610; x_wconf 31' lang='lat' dir='ltr'>r</span> 
     </span>
     <span class='ocr_line' id='line_1_11' title="bbox 259 1662 1240 1764; baseline 0.003 -28"><span class='ocrx_word' id='word_1_69' title='bbox 259 1669 288 1706; x_wconf 89' lang='lat'><strong>“</strong></span> <span class='ocrx_word' id='word_1_70' title='bbox 306 1689 347 1736; x_wconf 84' lang='lat' dir='ltr'>ac</span> <span class='ocrx_word' id='word_1_71' title='bbox 376 1687 420 1736; x_wconf 91' lang='lat' dir='ltr'>ne</span> <span class='ocrx_word' id='word_1_72' title='bbox 454 1662 660 1762; x_wconf 83' lang='lat' dir='ltr'>usurpandis</span> <span class='ocrx_word' id='word_1_73' title='bbox 702 1664 847 1764; x_wconf 88' lang='lat' dir='ltr'>quidem</span> <span class='ocrx_word' id='word_1_74' title='bbox 880 1664 1127 1738; x_wconf 82' lang='lat' dir='ltr'>hereditatibus</span> <span class='ocrx_word' id='word_1_75' title='bbox 1160 1691 1240 1764; x_wconf 89' lang='lat' dir='ltr'>pro·</span> 
     </span>
     <span class='ocr_line' id='line_1_12' title="bbox 258 1785 448 1858; baseline 0.011 -2"><span class='ocrx_word' id='word_1_76' title='bbox 258 1791 287 1828; x_wconf 90' lang='lat'><strong>“</strong></span> <span class='ocrx_word' id='word_1_77' title='bbox 303 1785 448 1858; x_wconf 89' lang='lat' dir='ltr'>desset.”</span> 
     </span>
    </p>
   </div>
   <div class='ocr_carea' id='block_1_3' title="bbox 222 1881 1338 3954">
    <p class='ocr_par' dir='ltr' id='par_1_3' title="bbox 222 1881 1338 3954">
     <span class='ocr_line' id='line_1_13' title="bbox 317 1881 1238 2004; baseline 0.005 -24"><span class='ocrx_word' id='word_1_78' title='bbox 317 1909 403 1982; x_wconf 86' lang='lat' dir='ltr'>XX.</span> <span class='ocrx_word' id='word_1_79' title='bbox 440 1881 548 1982; x_wconf 72' lang='lat' dir='ltr'>Exin</span> <span class='ocrx_word' id='word_1_80' title='bbox 580 1907 749 1982; x_wconf 84' lang='lat' dir='ltr'>Claudius</span> <span class='ocrx_word' id='word_1_81' title='bbox 785 1907 1010 1997; x_wconf 81' lang='lat' dir='ltr'>Timarchus,</span> <span class='ocrx_word' id='word_1_82' title='bbox 1050 1909 1238 2004; x_wconf 73' lang='lat' dir='ltr'>Cretensis,</span> 
     </span>
     <span class='ocr_line' id='line_1_14' title="bbox 231 2024 1240 2126; baseline -0.008 -26"><span class='ocrx_word' id='word_1_83' title='bbox 231 2053 333 2100; x_wconf 79' lang='lat' dir='ltr'>reus</span> <span class='ocrx_word' id='word_1_84' title='bbox 364 2028 493 2125; x_wconf 83' lang='lat' dir='ltr'>agitur,</span> <span class='ocrx_word' id='word_1_85' title='bbox 525 2027 646 2100; x_wconf 86' lang='lat' dir='ltr'>ceteris</span> <span class='ocrx_word' id='word_1_86' title='bbox 671 2027 888 2113; x_wconf 87' lang='lat' dir='ltr'>criminibus,</span> <span class='ocrx_word' id='word_1_87' title='bbox 913 2045 953 2097; x_wconf 91' lang='lat' dir='ltr'>ut</span> <span class='ocrx_word' id='word_1_88' title='bbox 972 2024 1082 2101; x_wconf 90' lang='lat' dir='ltr'>solent</span> <span class='ocrx_word' id='word_1_89' title='bbox 1105 2057 1240 2126; x_wconf 69' lang='lat' dir='ltr'>praeva.</span> 
     </span>
     <span class='ocr_line' id='line_1_15' title="bbox 256 2137 1240 2245; baseline 0.005 -23"><span class='ocrx_word' id='word_1_90' title='bbox 256 2137 319 2242; x_wconf 85' lang='lat' dir='ltr'>lidi</span> <span class='ocrx_word' id='word_1_91' title='bbox 348 2147 626 2244; x_wconf 86' lang='lat' dir='ltr'>provincialium,</span> <span class='ocrx_word' id='word_1_92' title='bbox 653 2151 687 2217; x_wconf 87' lang='lat'>&amp;</span> <span class='ocrx_word' id='word_1_93' title='bbox 713 2146 838 2242; x_wconf 90' lang='lat' dir='ltr'>opibus</span> <span class='ocrx_word' id='word_1_94' title='bbox 872 2143 987 2216; x_wconf 92' lang='lat' dir='ltr'>nimiis</span> <span class='ocrx_word' id='word_1_95' title='bbox 1020 2147 1065 2218; x_wconf 85' lang='lat' dir='ltr'>ad</span> <span class='ocrx_word' id='word_1_96' title='bbox 1099 2147 1240 2245; x_wconf 83' lang='lat' dir='ltr'>injurias</span> 
     </span>
     <span class='ocr_line' id='line_1_16' title="bbox 255 2263 1239 2364; baseline 0.005 -22"><span class='ocrx_word' id='word_1_97' title='bbox 255 2269 433 2342; x_wconf 90' lang='lat' dir='ltr'>minorum</span> <span class='ocrx_word' id='word_1_98' title='bbox 470 2267 569 2339; x_wconf 81' lang='lat' dir='ltr'>elati:</span> <span class='ocrx_word' id='word_1_99' title='bbox 608 2293 679 2340; x_wconf 84' lang='lat' dir='ltr'>una</span> <span class='ocrx_word' id='word_1_100' title='bbox 708 2292 781 2340; x_wconf 86' lang='lat' dir='ltr'>vox</span> <span class='ocrx_word' id='word_1_101' title='bbox 803 2263 875 2364; x_wconf 87' lang='lat' dir='ltr'>ejus</span> <span class='ocrx_word' id='word_1_102' title='bbox 897 2267 1006 2364; x_wconf 87' lang='lat' dir='ltr'>usque</span> <span class='ocrx_word' id='word_1_103' title='bbox 1042 2268 1088 2338; x_wconf 85' lang='lat' dir='ltr'>ad</span> <span class='ocrx_word' id='word_1_104' title='bbox 1116 2292 1239 2347; x_wconf 90' lang='lat' dir='ltr'>contu·</span> 
     </span>
     <span class='ocr_line' id='line_1_17' title="bbox 256 2385 1338 2485; baseline 0.007 -26"><span class='ocrx_word' id='word_1_105' title='bbox 256 2389 400 2460; x_wconf 86' lang='lat' dir='ltr'>meliam</span> <span class='ocrx_word' id='word_1_106' title='bbox 432 2387 568 2460; x_wconf 77' lang='lat' dir='ltr'>senatus</span> <span class='ocrx_word' id='word_1_107' title='bbox 609 2407 875 2485; x_wconf 76' lang='lat' dir='ltr'>penetraverat,</span> <span class='ocrx_word' id='word_1_108' title='bbox 905 2386 1001 2484; x_wconf 80' lang='lat' dir='ltr'>qudd</span> <span class='ocrx_word' id='word_1_109' title='bbox 1042 2388 1238 2484; x_wconf 68' lang='lat' dir='ltr'>dislitasset,</span> <span class='ocrx_word' id='word_1_110' title='bbox 1312 2385 1338 2410; x_wconf 69' lang='lat'>&#39;⁸</span> 
     </span>
     <span class='ocr_line' id='line_1_18' title="bbox 258 2507 1239 2612; baseline 0.007 -32"><span class='ocrx_word' id='word_1_111' title='bbox 258 2515 287 2552; x_wconf 89' lang='lat'><strong>“</strong></span> <span class='ocrx_word' id='word_1_112' title='bbox 304 2507 342 2580; x_wconf 92' lang='lat' dir='ltr'>in</span> <span class='ocrx_word' id='word_1_113' title='bbox 369 2507 427 2584; x_wconf 68' lang='lat' dir='ltr'>sust</span> <span class='ocrx_word' id='word_1_114' title='bbox 456 2510 619 2608; x_wconf 81' lang='lat' dir='ltr'>potestate</span> <span class='ocrx_word' id='word_1_115' title='bbox 647 2513 762 2600; x_wconf 72' lang='lat' dir='ltr'>situm,</span> <span class='ocrx_word' id='word_1_116' title='bbox 791 2535 836 2584; x_wconf 86' lang='lat' dir='ltr'>an</span> <span class='ocrx_word' id='word_1_117' title='bbox 865 2508 1141 2606; x_wconf 89' lang='lat' dir='ltr'>proconsulibus,</span> <span class='ocrx_word' id='word_1_118' title='bbox 1177 2515 1239 2612; x_wconf 89' lang='lat' dir='ltr'>qui</span> 
     </span>
     <span class='ocr_line' id='line_1_19' title="bbox 258 2621 1239 2731; baseline 0.008 -29"><span class='ocrx_word' id='word_1_119' title='bbox 258 2621 287 2676; x_wconf 61' lang='lat'>“&#39;</span> <span class='ocrx_word' id='word_1_120' title='bbox 304 2629 445 2704; x_wconf 85' lang='lat' dir='ltr'>Cretam</span> <span class='ocrx_word' id='word_1_121' title='bbox 462 2631 699 2721; x_wconf 81' lang='lat' dir='ltr'>obtinuissent,</span> <span class='ocrx_word' id='word_1_122' title='bbox 730 2651 842 2728; x_wconf 85' lang='lat' dir='ltr'>grates</span> <span class='ocrx_word' id='word_1_123' title='bbox 858 2631 1078 2727; x_wconf 84' lang='lat' dir='ltr'>agerentur.’&#39;</span> <span class='ocrx_word' id='word_1_124' title='bbox 1119 2635 1239 2731; x_wconf 75' lang='lat' dir='ltr'>Qum</span> 
     </span>
     <span class='ocr_line' id='line_1_20' title="bbox 257 2751 1242 2850; baseline 0.008 -26"><span class='ocrx_word' id='word_1_125' title='bbox 257 2756 473 2825; x_wconf 78' lang='lat' dir='ltr'>occasionem</span> <span class='ocrx_word' id='word_1_126' title='bbox 496 2754 612 2826; x_wconf 80' lang='lat' dir='ltr'>Paetus</span> <span class='ocrx_word' id='word_1_127' title='bbox 635 2751 787 2825; x_wconf 84' lang='lat' dir='ltr'>Thrasea</span> <span class='ocrx_word' id='word_1_128' title='bbox 811 2752 857 2824; x_wconf 87' lang='lat' dir='ltr'>ad</span> <span class='ocrx_word' id='word_1_129' title='bbox 892 2753 1027 2826; x_wconf 91' lang='lat' dir='ltr'>bonum</span> <span class='ocrx_word' id='word_1_130' title='bbox 1057 2754 1242 2850; x_wconf 73' lang='lat' dir='ltr'>publicum</span> 
     </span>
     <span class='ocr_line' id='line_1_21' title="bbox 258 2854 1242 2970; baseline 0.007 -26"><span class='ocrx_word' id='word_1_131' title='bbox 258 2892 408 2962; x_wconf 78' lang='lat' dir='ltr'>vertens,</span> <span class='ocrx_word' id='word_1_132' title='bbox 434 2873 621 2970; x_wconf 83' lang='lat' dir='ltr'>postquam</span> <span class='ocrx_word' id='word_1_133' title='bbox 645 2875 690 2946; x_wconf 87' lang='lat' dir='ltr'>de</span> <span class='ocrx_word' id='word_1_134' title='bbox 714 2899 774 2946; x_wconf 91' lang='lat' dir='ltr'>reo</span> <span class='ocrx_word' id='word_1_135' title='bbox 797 2870 986 2964; x_wconf 80' lang='lat' dir='ltr'>censuerat,</span> <span class='ocrx_word' id='word_1_136' title='bbox 1015 2879 1043 2916; x_wconf 89' lang='lat'><strong>“</strong></span> <span class='ocrx_word' id='word_1_137' title='bbox 1058 2854 1242 2970; x_wconf 63' lang='lat' dir='ltr'>provincis</span> 
     </span>
     <span class='ocr_line' id='line_1_22' title="bbox 259 2973 1293 3090; baseline 0.008 -26"><span class='ocrx_word' id='word_1_138' title='bbox 259 2999 287 3036; x_wconf 74' lang='lat'>·‘</span> <span class='ocrx_word' id='word_1_139' title='bbox 305 2993 408 3066; x_wconf 74' lang='lat' dir='ltr'>creta</span> <span class='ocrx_word' id='word_1_140' title='bbox 438 2995 726 3090; x_wconf 82' lang='lat' dir='ltr'>depellendum,”</span> <span class='ocrx_word' id='word_1_141' title='bbox 773 2996 849 3067; x_wconf 75' lang='lat' dir='ltr'>naec</span> <span class='ocrx_word' id='word_1_142' title='bbox 891 2993 1057 3066; x_wconf 62' lang='lat' dir='ltr'>murdre:</span> <span class='ocrx_word' id='word_1_143' title='bbox 1108 3003 1135 3038; x_wconf 81' lang='grc'><strong><em>“</em></strong></span> <span class='ocrx_word' id='word_1_144' title='bbox 1162 2993 1240 3072; x_wconf 84' lang='lat' dir='ltr'>usu</span> <span class='ocrx_word' id='word_1_145' title='bbox 1288 2973 1293 2982; x_wconf 82' lang='grc'><strong>’</strong></span> 
     </span>
     <span class='ocr_line' id='line_1_23' title="bbox 222 3103 1239 3217; baseline 0.007 -31"><span class='ocrx_word' id='word_1_146' title='bbox 222 3103 225 3114; x_wconf 71' lang='grc'><strong>’</strong></span> <span class='ocrx_word' id='word_1_147' title='bbox 259 3122 287 3158; x_wconf 89' lang='grc'><strong>“</strong></span> <span class='ocrx_word' id='word_1_148' title='bbox 307 3116 493 3212; x_wconf 84' lang='lat' dir='ltr'>probatum</span> <span class='ocrx_word' id='word_1_149' title='bbox 511 3115 573 3205; x_wconf 87' lang='lat' dir='ltr'>est,</span> <span class='ocrx_word' id='word_1_150' title='bbox 594 3135 707 3214; x_wconf 85' lang='lat' dir='ltr'>patres</span> <span class='ocrx_word' id='word_1_151' title='bbox 723 3113 924 3212; x_wconf 87' lang='lat' dir='ltr'>conscripti,</span> <span class='ocrx_word' id='word_1_152' title='bbox 950 3116 1045 3216; x_wconf 82' lang='lat' dir='ltr'>leges</span> <span class='ocrx_word' id='word_1_153' title='bbox 1066 3118 1239 3217; x_wconf 67' lang='lat' dir='ltr'>egregiam,</span> 
     </span>
     <span class='ocr_line' id='line_1_24' title="bbox 260 3219 1239 3336; baseline 0.008 -29"><span class='ocrx_word' id='word_1_154' title='bbox 260 3241 287 3280; x_wconf 89' lang='lat'><strong>“</strong></span> <span class='ocrx_word' id='word_1_155' title='bbox 306 3219 470 3333; x_wconf 83' lang='lat' dir='ltr'>exempla</span> <span class='ocrx_word' id='word_1_156' title='bbox 486 3237 640 3327; x_wconf 84' lang='lat' dir='ltr'>honesta,</span> <span class='ocrx_word' id='word_1_157' title='bbox 667 3237 761 3336; x_wconf 87' lang='lat' dir='ltr'>apud</span> <span class='ocrx_word' id='word_1_158' title='bbox 778 3239 890 3310; x_wconf 90' lang='lat' dir='ltr'>bonos</span> <span class='ocrx_word' id='word_1_159' title='bbox 920 3261 965 3310; x_wconf 87' lang='lat' dir='ltr'>ex</span> <span class='ocrx_word' id='word_1_160' title='bbox 993 3238 1129 3313; x_wconf 70' lang='lat' dir='ltr'>delisiis</span> <span class='ocrx_word' id='word_1_161' title='bbox 1152 3241 1239 3316; x_wconf 81' lang='lat' dir='ltr'>alio-</span> 
     </span>
     <span class='ocr_line' id='line_1_25' title="bbox 259 3355 1240 3456; baseline 0.007 -27"><span class='ocrx_word' id='word_1_162' title='bbox 259 3363 386 3430; x_wconf 83' lang='lat' dir='ltr'>“rum</span> <span class='ocrx_word' id='word_1_163' title='bbox 421 3355 530 3456; x_wconf 83' lang='lat' dir='ltr'>gigni.</span> <span class='ocrx_word' id='word_1_164' title='bbox 579 3358 634 3432; x_wconf 90' lang='lat' dir='ltr'>Sic</span> <span class='ocrx_word' id='word_1_165' title='bbox 668 3378 848 3431; x_wconf 89' lang='lat' dir='ltr'>oratorum</span> <span class='ocrx_word' id='word_1_166' title='bbox 885 3357 1036 3451; x_wconf 85' lang='lat' dir='ltr'>licentia,</span> <span class='ocrx_word' id='word_1_167' title='bbox 1078 3361 1240 3438; x_wconf 85' lang='lat' dir='ltr'>Cinciam</span> 
     </span>
     <span class='ocr_line' id='line_1_26' title="bbox 259 3478 1310 3579; baseline 0.006 -28"><span class='ocrx_word' id='word_1_168' title='bbox 259 3487 288 3523; x_wconf 86' lang='lat'><strong><em>“</em></strong></span> <span class='ocrx_word' id='word_1_169' title='bbox 307 3478 550 3578; x_wconf 68' lang='lat' dir='ltr'>rogationem</span> <span class='ocrx_word' id='word_1_170' title='bbox 597 3479 862 3554; x_wconf 85' lang='lat' dir='ltr'>candidatorum</span> <span class='ocrx_word' id='word_1_171' title='bbox 918 3482 1082 3571; x_wconf 89' lang='lat' dir='ltr'>ambitus,</span> <span class='ocrx_word' id='word_1_172' title='bbox 1129 3484 1241 3579; x_wconf 85' lang='lat' dir='ltr'>Julias</span> <span class='ocrx_word' id='word_1_173' title='bbox 1301 3524 1310 3538; x_wconf 52' lang='grc' dir='ltr'><strong><em>ι</em></strong></span> 
     </span>
     <span class='ocr_line' id='line_1_27' title="bbox 260 3599 1239 3700; baseline 0.003 -26"><span class='ocrx_word' id='word_1_174' title='bbox 260 3607 288 3645; x_wconf 90' lang='lat'><strong>“</strong></span> <span class='ocrx_word' id='word_1_175' title='bbox 307 3605 427 3700; x_wconf 81' lang='lat' dir='ltr'>leges3</span> <span class='ocrx_word' id='word_1_176' title='bbox 455 3601 719 3700; x_wconf 79' lang='lat' dir='ltr'>magistratuum</span> <span class='ocrx_word' id='word_1_177' title='bbox 742 3599 899 3692; x_wconf 85' lang='lat' dir='ltr'>avaritia,</span> <span class='ocrx_word' id='word_1_178' title='bbox 925 3601 1116 3700; x_wconf 78' lang='lat' dir='ltr'>Calpurnia</span> <span class='ocrx_word' id='word_1_179' title='bbox 1142 3602 1239 3694; x_wconf 85' lang='lat' dir='ltr'>scita,</span> 
     </span>
     <span class='ocr_line' id='line_1_28' title="bbox 261 3723 1310 3822; baseline 0.002 -26"><span class='ocrx_word' id='word_1_180' title='bbox 261 3729 290 3764; x_wconf 89' lang='lat'><strong>“</strong></span> <span class='ocrx_word' id='word_1_181' title='bbox 309 3739 529 3820; x_wconf 87' lang='lat' dir='ltr'>pepererunt.</span> <span class='ocrx_word' id='word_1_182' title='bbox 592 3723 690 3795; x_wconf 87' lang='lat' dir='ltr'>Nam</span> <span class='ocrx_word' id='word_1_183' title='bbox 715 3723 833 3820; x_wconf 85' lang='lat' dir='ltr'>culpa,</span> <span class='ocrx_word' id='word_1_184' title='bbox 873 3725 981 3822; x_wconf 71' lang='lat' dir='ltr'>quim</span> <span class='ocrx_word' id='word_1_185' title='bbox 1007 3750 1125 3822; x_wconf 85' lang='lat' dir='ltr'>poena,</span> <span class='ocrx_word' id='word_1_186' title='bbox 1149 3743 1238 3798; x_wconf 89' lang='lat' dir='ltr'>tem·</span> <span class='ocrx_word' id='word_1_187' title='bbox 1307 3731 1310 3746; x_wconf 91' lang='lat'>&#39;</span> 
     </span>
     <span class='ocr_line' id='line_1_29' title="bbox 261 3833 1238 3954; baseline 0.001 -37"><span class='ocrx_word' id='word_1_188' title='bbox 261 3848 392 3942; x_wconf 87' lang='lat' dir='ltr'>“pore</span> <span class='ocrx_word' id='word_1_189' title='bbox 413 3843 532 3943; x_wconf 90' lang='lat' dir='ltr'>prior:</span> <span class='ocrx_word' id='word_1_190' title='bbox 572 3842 765 3954; x_wconf 80' lang='lat' dir='ltr'>emendari,</span> <span class='ocrx_word' id='word_1_191' title='bbox 797 3833 910 3944; x_wconf 32' lang='lat' dir='ltr'>quim*</span> <span class='ocrx_word' id='word_1_192' title='bbox 932 3871 1089 3946; x_wconf 84' lang='lat' dir='ltr'>peccare,</span> <span class='ocrx_word' id='word_1_193' title='bbox 1127 3845 1238 3944; x_wconf 90' lang='lat' dir='ltr'>poste-</span> 
     </span>
    </p>
   </div>
   <div class='ocr_carea' id='block_1_4' title="bbox 0 0 1569 4860">
    <p class='ocr_par' dir='ltr' id='par_1_4' title="bbox 0 0 1569 4860">
     <span class='ocr_line' id='line_1_30' title="bbox 0 0 1569 4860; baseline 0 0"><span class='ocrx_word' id='word_1_194' title='bbox 0 0 1569 4860; x_wconf 95' lang='lat' dir='ltr'> </span> 
     </span>
    </p>
   </div>
  </div>
 </body>
</html>
