3006 4866
442 365 915 481 'Gntnnnrm
1110 399 1183 486 ππ

147 559 158 572 “
204 559 421 650 Deliberant,
458 556 547 634 dum
577 563 710 662 fingere
742 557 920 634 nesciunt:
953 558 1182 652 constituunt,

202 683 292 758 dum
309 707 416 756 errare
429 707 501 758 non
514 683 664 778 possunt.
881 670 886 686 ⁸

249 804 391 876 XXIII.
416 804 543 876 Portu
569 804 696 876 humor
713 829 758 877 ex
771 805 904 877 hordeo
916 795 1181 890 aut'srumentO,

202 923 240 997 in
255 923 446 1021 quamdam
464 923 720 1016 similitudinem
737 925 809 998 vini
826 944 1016 1022 corruptus.
1058 908 1182 996 Proxi-

166 1080 169 1092 ·
203 1043 256 1118 mi
280 1045 366 1140 ripae
395 1049 429 1117 δι
450 1043 575 1118 vinum
608 1065 815 1119 mercantur.
881 1045 963 1118 Cibi
984 1043 1180 1142 fimplices:

203 1163 352 1262 agrestia
379 1190 498 1262 poma,
515 1189 642 1238 recens
668 1163 752 1255 sera,
787 1185 846 1240 aut
880 1167 934 1242 lac
967 1184 1184 1238 concretum.

203 1285 285 1358 Sine
302 1279 482 1382 apparatu,
502 1289 572 1357 fine
587 1286 833 1360 blandimentis
848 1288 1030 1384 expellunt
1041 1284 1184 1358 samem.

206 1404 385 1480 Adverslrs
403 1404 506 1497 fitim,
518 1431 590 1479 non
605 1407 726 1480 eadem
743 1406 981 1504 temperantia.
1017 1403 1052 1478 'si
1068 1405 1191 1476 indul·¹
1233 1447 1236 1458 ι

205 1525 471 1616 seris'ebrietati,
496 1525 715 1625 suggerendo
729 1548 902 1624 quantum
922 1509 1195 1623 concupiscunt,

204 1647 300 1722 haud
317 1646 431 1719 minos
445 1646 545 1720 facile
563 1647 795 1746 vitiis,·quam
812 1647 916 1722 armis
928 1647 1123 1738 vincentur.
1160 1634 1163 1644 ¹

252 1771 389 1843 XXIV.
415 1769 550 1840 Ganos
567 1766 843 1865 speslacnlornm
860 1794 989 1872 unum,
1018 1787 1122 1865 atque
1147 1766 1186 1840 in

201 1887 300 1962 omni
317 1908 411 1987 coetu
426 1887 534 1962 idem.
585 1890 686 1962 Nudi
696 1871 858 1987 j'uvenes,
883 1889 1013 1986 quibus
1035 1888 1073 1961 id
1089 1887 1183 1964 ludi-

201 2009 381 2098 crum‘el’t‚
406 2007 494 2080 inter
512 2007 646 2105 gladios
668 2006 715 2095 se,
741 2027 846 2104 atque
864 2008 1001 2097 infestas
1022 2007 1182 2099 frameas,
1227 2048 1244 2100 κ,

134 2118 151 2166 ”
202 2129 289 2202 saltu
298 2126 444 2226 jaciunt.
494 2125 709 2199 Exercitatio
723 2145 833 2198 artem
851 2121 998 2222 paravit,
1017 2151 1068 2199 ars
1079 2122 1185 2202 deco·

94 2330 96 2342 ,
201 2277 297 2326 rom:
329 2273 402 2321 non
430 2245 467 2318 in
498 2243 671 2344 quaestum
703 2263 835 2335 tamen,
865 2263 925 2318 aut
956 2248 1181 2320 mercedem:

203 2368 365 2468 quamvis
396 2365 536 2440 audacis
568 2363 713 2440 lasciviae
747 2366 898 2464 pretium
929 2365 994 2456 est,
1024 2368 1186 2464 voluptas

204 2486 447 2589 spedantium.
497 2487 626 2560 Aleam
653 2488 769 2584 (quod
791 2486 935 2582 mirere)
966 2485 1070 2562 sobrii
1100 2487 1187 2561 inter

204 2611 288 2686 seria
304 2623 480 2700 exercent,
509 2611 605 2712 tantali
628 2607 785 2682 lucrandi
810 2607 1023 2706 perdendive
1045 2607 1184 2682 temeri-

146 2775 156 2820 χ
204 2752 288 2823 tate,
318 2749 370 2822 ut,
399 2731 483 2806 clim
505 2728 625 2818 omnia
645 2727 860 2820 defecerunt,
886 2749 1046 2803 extremo
1062 2755 1184 2830 acuo-

204 2854 342 2926 viffimo
365 2850 462 2948 jactu
490 2851 536 2922 de
561 2849 768 2924 libertate&
793 2851 839 2924 de
864 2875 1010 2948 corpore
1039 2868 1185 2923 conten·
1281 2831 1283 2836 ¹

204 2974 300 3046 dant.
349 2971 470 3044 Vislus
487 2969 719 3044 voluntariam
737 2969 937 3044 servitutem
950 2970 1039 3043 adit:
1061 2995 1184 3068 quam·

169 3071 172 3080 k
204 3095 256 3168 vis
267 3092 397 3192 junior,
417 3090 578 3190 quamvis
594 3089 780 3181 robustior,
799 3090 935 3188 alligari
951 3090 985 3164 se
1002 3117 1043 3164 ac
1066 3091 1184 3168 venire

205 3215 343 3314 patitur.
394 3215 448 3287 Ea
464 3211 512 3286 est
528 3210 565 3310 in
581 3237 616 3284 re
641 3212 747 3309 pravd
765 3210 978 3308 pervicacia:
997 3211 1059 3310 ipsr
1077 3213 1187 3288 fidem

203 3352 344 3409 vocant.
393 3336 516 3408 Servos
533 3331 742 3406 conditionis
766 3330 867 3430 hujus
889 3358 950 3430 per
972 3333 1186 3409 commercia

204 3457 361 3544 tradunt,
380 3475 418 3529 ut
434 3453 468 3528 se
486 3479 630 3553 quoque
647 3453 781 3551 pudore
797 3452 949 3546 vistoriae
969 3451 1160 3530 exsolvant.

253 3577 372 3652 XXV.
397 3578 570 3652 Csrsms
602 3572 721 3665 servis,
751 3599 837 3679 npn,
863 3573 900 3646 in
924 3575 1079 3649 nostrum
1107 3601 1185 3648 mo·

196 3703 294 3789 rem,
323 3683 498 3796 descriptis
515 3722 577 3795 per
598 3694 765 3770 familiam
778 3695 999 3786 ministeriis,
1027 3715 1184 3770 utuntur.
1202 3725 1208 3734 ·

96 3812 98 3822 ’
204 3821 308 3895 Suam
333 3819 478 3920 quisque
501 3817 634 3920 sedem,
663 3814 740 3889 suos
776 3824 917 3915 penates
950 3816 1051 3916 regit.
1100 3817 1188 3890 Fru-

649 3937 737 4030 U4
785 3982 789 3990 κ
1157 3947 1162 3950 ’
