3076 4868
323 375 368 456 72
514 343 1145 420 deonnaen'racm

326 520 491 620 “sponte
523 523 724 612 cederent,''
755 513 914 620 motique
947 529 975 566 “
994 522 1056 622 qui
1083 523 1301 609 remanendo
1345 499 1350 508 ’

327 651 354 689 “
373 627 630 738 impudentiam
647 643 841 742 paupertati
855 641 1079 740 'adjicerent''

369 763 473 836 LIII.
501 763 625 837 Inran
643 755 721 862 qu'ae
738 763 882 838 refertur
898 765 943 836 ad
962 783 1070 860 patres
1089 769 1116 804 “
1129 763 1175 834 de
1192 761 1299 858 poenai
1356 807 1358 814 ι

324 891 351 927 “
369 881 591 974 seminamm,
621 911 700 984 quae
722 883 826 958 servis
849 883 1174 982 conjungerentur.’'
1224 885 1297 955 Sta-

322 987 506 1101 tuiturque'
523 987 549 1050 ‘⁶‘
566 1025 619 1097 ut,
638 1005 760 1104 ignaro
778 1005 938 1095 domin0,
961 1006 1005 1078 ad
1021 1005 1058 1076 id
1078 999 1246 1100 prolapsa,
1261 1001 1301 1100 in

323 1131 351 1167 “
368 1123 549 1200 servitute:
591 1131 639 1200 sm
673 1126 899 1216 consensisset,
934 1152 999 1223 pro
1030 1125 1153 1198 liberta
1192 1125 1299 1196 habea

322 1251 350 1290 “
368 1248 495 1319 retur.’'
544 1247 707 1337 Pallanti,
738 1274 846 1345 quem
877 1254 1130 1345 “repertorem
1157 1242 1227 1342 ejus
1245 1245 1299 1316 r'e->

323 1373 352 1412 “
371 1367 532 1440 lationis''
566 1368 719 1445 ediderat
744 1367 869 1457 Caesar,
906 1367 1113 1462 “praetoria
1140 1363 1299 1463 insignia,

324 1496 352 1534 “
372 1493 404 1560 &
428 1488 555 1560 centies
578 1486 809 1584 quinquagies
831 1484 1045 1577 sestertibm’f
1069 1484 1197 1557 censuit
1215 1511 1301 1557 con·

321 1608 372 1680 sul
389 1609 587 1702 designatus
602 1609 707 1684 Barea
724 1609 872 1678 Soranus
889 1633 897 1676 :
925 1603 1084 1680 additum
1103 1629 1123 1674 a
1139 1601 1302 1700 Scipione

323 1724 501 1814 Corneli0,
538 1731 695 1822 “grates
724 1723 866 1821 publice
888 1724 1054 1820 agendas,
1085 1721 1187 1818 qubd,
1208 1722 1300 1822 regi-

323 1851 351 1888 “
369 1847 435 1918 bus
452 1844 610 1918 Arcadiae
632 1865 739 1936 ortus,
757 1843 977 1916 veterrimam
994 1842 1211 1922 nobilitatem
1226 1842 1303 1916 usui

323 1973 352 2010 “
371 1965 514 2063 publico
533 1966 766 2063 postponeret,
785 1963 887 2061 seque
905 1963 995 2036 inter
1009 1962 1183 2052 ministros
1199 1963 1302 2036 Prin·

324 2086 458 2184 “cipis
491 2086 612 2160 haberi
642 2087 798 2160 fineret.²'
861 2082 1090 2163 Adseveravit
1116 2083 1301 2175 Claudius,

325 2213 575 2282 “contentum
612 2210 745 2280 honore
776 2207 982 2295 Pallantem,
1027 2204 1113 2278 intra
1148 2205 1301 2303 priorem

322 2337 351 2374 “
370 2349 604 2427 paupertatem
619 2327 826 2419 subfistere.”
869 2329 916 2398 Et
932 2329 1046 2400 fixum
1063 2326 1111 2400 est
1127 2351 1193 2400 aere
1211 2329 1302 2424 pub-.

323 2451 392 2524 lico
414 2427 756 2530 senatusconsultum,
784 2468 855 2538 quo
879 2443 1057 2517 libertinus
1084 2446 1224 2519 sestertii
1239 2447 1302 2520 'ter

322 2567 447 2642 millies
481 2561 656 2659 possessor,
697 2561 848 2658 antiquae
882 2561 1104 2658 parcimonia
1139 2567 1300 2641 laudibus
1386 2555 1393 2566 ’

325 2685 582 2760 cumulabatur.
790 2666 793 2670 ¹
892 2669 893 2672 ¹
972 2692 975 2701 “
1120 2676 1123 2681 ’

372 2805 469 2876 LIV.
496 2806 557 2876 Ar
578 2826 660 2877 nort
686 2801 787 2877 frater
816 2802 900 2902 ejus,
926 2797 1166 2904 cognomento
1196 2807 1299 2901 Felix,

322 2911 396 3023 pari
412 2924 650 3010 moderatione
665 2923 805 3024 agebat,
823 2923 899 3021 jam
929 2926 1065 3024 pridem
1083 2928 1216 3024 Judaeae
1234 2928 1302 3002 im,

323 3047 463 3142 positus,
496 3047 530 3115 &
558 3047 683 3142 cunda
711 3045 892 3120 malefacta
921 3047 983 3121 fibi
1015 3047 1161 3146 impune
1195 3069 1302 3140 ratuS,

321 3165 414 3236 tanta
439 3164 594 3261 potenti&
617 3164 778 3240 subnixo.
828 3167 916 3242 Sane
942 3171 1170 3266 praebuerant,
1188 3169 1303 3266 Judaei

122 3305 124 3310 ‘
194 3331 195 3336 =
227 3379 230 3384 Ι
328 3283 479 3382 speeiem
513 3287 643 3376 motbs,
679 3287 753 3358 orta
785 3285 961 3380 seditione,
999 3292 1063 3387 (ᾗ)
1099 3291 1301 3388 postquam,

266 3437 271 3452 ·
328 3407 469 3504 cognita
496 3409 595 3492 caede
625 3392 711 3504 ejus,
745 3409 840 3481 haud
874 3413 1152 3510 obtemperatum
1192 3411 1299 3486 esset:

280 3535 284 3540 “
327 3530 491 3600 manebat
508 3547 632 3618 metus,
656 3553 702 3636 ne
718 3527 796 3626 quis
820 3529 1026 3628 Principum
1050 3530 1173 3602 eadem
1189 3528 1302 3628 impe-

328 3646 454 3721 ritaret.
507 3653 627 3746 Atque
651 3647 790 3724 interim
807 3651 908 3724 Felix
926 3648 1171 3746 intempestivis
1190 3676 1302 3728 reme2
1403 3747 1404 3753 η

325 3767 390 3855 diis
407 3768 532 3856 delisla
548 3771 773 3863 accendebat,
791 3773 921 3846 aemulo
938 3773 984 3846 ad
1000 3768 1185 3859 deterrima
1206 3771 1302 3856 Vena
