3006 4866
320 361 394 436 30⁰
525 334 567 406 C.
599 333 873 408 Couuuurr
905 332 1115 408 Tucrrr

318 532 401 582 nem
418 507 631 604 barbamque
646 505 872 600 summittere,
899 535 979 600 nec,
1005 509 1066 582 nili
1081 503 1181 580 hoste
1197 504 1318 594 cese,
1381 555 1409 580 .

317 651 446 700 exuere
470 626 633 701 votivum
660 629 931 729 obligatumque
958 628 1078 703 virtuti
1108 627 1176 700 oris
1200 625 1313 698 babi-

315 761 405 820 tum.
454 751 563 846 Super
587 747 791 848 sanguinem
817 756 849 824 ἃ
875 749 997 848 spolia,
1024 747 1176 822 revelant
1203 745 1308 818 fron-

314 885 404 958 tem‚'
419 866 522 967 seque
540 875 568 911 “
585 891 663 944 tum
675 873 819 946 demum
834 871 943 968 pretia
960 868 1119 943 nascendi
1133 867 1305 955 retuliffe,

317 995 346 1030 “
364 973 571 1088 dignosque¹
589 991 699 1087 patrib
720 1019 768 1072 ae,
778 992 1000 1089 parentibus”
1017 988 1143 1064 ferunt.
1191 989 1303 1084 Igna-

314 1108 416 1182 vis&
432 1109 635 1186 imbellibus
652 1133 768 1186 manet
781 1112 929 1210 squalor.
979 1110 1193 1184 Fortiffimus
1205 1105 1305 1204 quis·

315 1255 386 1328 que
418 1217 569 1304 ferreum
596 1230 733 1329 iusuper
754 1224 899 1306 anulum
935 1228 1226 1330 (ignominiosum
1261 1227 1306 1299 id

315 1352 433 1449 genti)
453 1355 547 1426 velut
558 1354 740 1426 vinculum
760 1353 881 1452 gestat,
900 1355 1013 1426 donec
1030 1350 1064 1424 se
1081 1351 1176 1424 caede
1192 1347 1304 1420 bostis

314 1471 483 1546 absolvat.
549 1471 712 1546 Plurimis
728 1473 910 1550 cattorum
932 1473 988 1546 hic
1014 1474 1124 1570 placet
1147 1469 1304 1542 habitus

315 1595 471 1690 Jamque
493 1615 616 1666 canent
632 1593 792 1692 infignes‚
825 1599 858 1668 δι
877 1594 1032 1667 hostibus
1048 1593 1146 1666 slmul
1163 1588 1303 1686 suisque

313 1713 507 1786 monstrati:
522 1712 682 1786 omnium
695 1741 799 1810 penes
810 1717 873 1786 hos
886 1713 982 1788 initia
997 1737 1206 1813 pugnarum:
1221 1712 1308 1801 haec-

315 1831 430 1929 prima
453 1831 587 1930 semper
604 1835 708 1924 acies,
738 1834 811 1911 visu
828 1861 929 1907 nova.
981 1838 1077 1908 Nam
1092 1859 1136 1906 ne
1152 1833 1187 1904 in
1210 1857 1337 1930 pace¹
1418 1871 1421 1876 ·

316 1951 462 2050 quidem
475 1955 576 2026 vultu
593 1955 730 2028 mitiore
747 1954 994 2030 mansuescunt.
1044 1955 1142 2028 Nulli
1152 1949 1305 2042 domus‚'

314 2093 375 2146 aut
392 2099 490 2172 ager,
514 2096 573 2148 aut
590 2075 706 2174 aliqua
721 2103 827 2150 cura:
852 2097 953 2174 prout
968 2077 1013 2150 ad
1037 2099 1210 2173 quemque
1233 2057 1297 2146 rie-

314 2195 413 2284 nere,
443 2195 598 2270 aluntur:
626 2197 764 2296 prodigi
791 2198 905 2287 alieni,
936 2217 1190 2294 contemptores
1213 2192 1294 2266 sui:

314 2315 430 2390 donec
446 2314 627 2414 exsanguis
653 2314 804 2394 senectus
830 2337 903 2392 tam
926 2319 1021 2392 durae
1043 2315 1161 2390 virtuti
1182 2313 1296 2411 impa-

319 2459 374 2510 res
391 2433 504 2508 faciat.
573 2489 577 2500 .

363 2555 520 2628 XXXll.
535 2557 714 2632 Ptoxtrm
729 2556 835 2630 Cattis
848 2557 1063 2656 certumjam
1081 2559 1181 2658 alveo
1194 2555 1290 2630 Rhe·

317 2700 419 2767 num,
454 2675 584 2773 quique
615 2676 783 2750 terminus
817 2679 883 2750 effe
917 2676 1073 2768 sufficiat,
1107 2675 1219 2777 Ufipii
1250 2685 1291 2750 a'c

314 2793 477 2868 Teulleri
495 2797 627 2870 colunt.
675 2796 839 2870 Tenueri
856 2796 956 2894 super
971 2797 1110 2873 solitum
1121 2799 1294 2872 bellorum

312 2916 435 3007 decus,
464 2917 626 3014 equestris
642 2916 831 3014 disciplinae
854 2939 926 2991 arte
951 2921 1166 3017 ptaecellunt.
1214 2919 1294 2993 Nec

313 3035 424 3134 major
439 3039 533 3136 apud
550 3039 669 3112 Cattos
692 3036 851 3134 peditum
877 3039 964 3130 laus,
990 3041 1098 3138 quium
1115 3038 1295 3114 Tenlleris

312 3156 485 3252 equitum.
534 3158 590 3234 Sic
614 3157 787 3232 instituere
815 3158 973 3258 majores,
1003 3161 1129 3259 posteri
1155 3160 1294 3235 imitanss

265 3348 270 3359 l
312 3293 380 3350 tur.
429 3277 483 3350 Hi
511 3278 602 3351 lusus
626 3277 824 3369 infantium,
854 3281 931 3358 haec
950 3279 1123 3378 juvenum
1152 3282 1296 3354 aemula-

312 3393 377 3482 tio,
405 3394 619 3491 perseverant
635 3398 747 3478 senes:
779 3399 866 3474 inter
882 3401 1064 3494 familiam,
1088 3408 1121 3476 δι
1139 3421 1292 3498 penates,
1330 3493 1333 3501 ,

313 3511 439 3612 &jura
455 3505 715 3612 succeffionum,
734 3520 815 3617 equi
833 3524 1041 3598 traduntur:
1069 3523 1200 3620 excipit
1223 3522 1292 3596 lili-

312 3663 366 3726 us,
392 3661 478 3725 non,
504 3658 544 3710 ut
561 3658 686 3730 cetera,
715 3640 891 3746 maximus
915 3665 1015 3738 natu,
1044 3643 1102 3722 sed
1118 3663 1223 3742 prout
1238 3640 1293 3721 fe-

312 3769 379 3838 tox'
395 3757 488 3832 bello
505 3756 541 3830 &
558 3755 690 3836 melior.
