3076 4868
476 367 1024 458 nurnurrunrmtl„
1190 393 1235 482 '23

253 549 283 598 ‘³
299 550 419 628 dium:
458 553 592 653 quippe
615 552 852 652 promiscuum
871 559 980 653 patris
1000 557 1123 653 patria
1150 580 1237 654 cog-

252 681 281 720 “
297 691 530 750 nomentum:
561 698 654 750 nova
669 675 705 749 in
726 677 984 774 rempublicam
1001 675 1138 767 merita,
1152 679 1240 750 'non

253 795 425 870 “usitatis
450 797 629 872 vocabulis
653 798 893 872 honoranda.”
955 799 1024 872 Sed
1046 797 1118 896 ipse
1141 796 1239 870 cohi·

251 917 328 992 buit
353 916 546 1010 consulem,
576 938 615 992 ut
648 905 798 992 nimiinn
825 921 1077 993 affentantemt
1115 918 1238 992 condi·

250 1035 376 1136 ditque
404 1037 564 1131 lustrum,
591 1059 663 1138 quo
697 1038 796 1114 censa
824 1037 902 1113 sunt
934 1039 1067 1114 civium
1100 1065 1238 1114 uvmr.

252 1179 614 1234 nnxx1111.uxx11.
664 1153 766 1256 Isque
797 1160 848 1232 illi
881 1161 959 1236 finis
989 1161 1127 1235 inseitiae
1156 1180 1240 1258 erga

252 1281 406 1354 domurn
421 1279 517 1353 suam
532 1277 617 1354 suit:
643 1281 735 1352 haud
757 1280 868 1353 multia
886 1281 976 1377 prist,
994 1282 1125 1380 flagitia
1148 1307 1238 1354 uxo·

254 1395 301 1472 tis
318 1397 457 1472 noscere
474 1424 515 1472 ac
539 1400 662 1497 punire
678 1393 835 1492 edatius,
850 1420 888 1474 ut
904 1400 1033 1474 deinde
1050 1397 1238 1475 ardesceret

247 1493 291 1592 in
306 1518 444 1614 nnptias
461 1519 616 1594 incestas.
1327 1503 1330 1514 ’

245 1719 249 1736 ,
300 1633 439 1714 XXVI.
477 1643 563 1736 Jnnt
591 1642 848 1732 Messium,
874 1641 1038 1721 facilitate
1064 1641 1239 1717 adultero·

252 1781 333 1834 rum
362 1759 398 1832 in
425 1759 603 1836 fastidium
633 1761 741 1854 tersa,
768 1765 814 1837 ad
848 1763 1044 1864 incognitas
1077 1763 1239 1838 libidines

248 1884 473 1980 profluebat3
506 1885 601 1959 ⁴etim
647 1885 863 1981 “abrumpi
892 1884 1239 1960 rdiffitnulationem’²

204 2023 213 2056 -·
251 2002 359 2078 etiam
374 2003 489 2096 Silius,
515 2009 585 2080 five
600 2004 694 2078 fatali
716 2005 893 2094 vecordia,
915 2027 959 2076 an
976 2001 1239 2081 imminentium

251 2124 486 2225 periculorum
520 2123 719 2198 remedium
746 2123 818 2220 ipsa
854 2123 1005 2218 pericula
1033 2143 1140 2241 ratus,
1179 2151 1238 2198 ur·

253 2249 371 2345 gebat.
422 2255 450 2292 “
474 2246 620 2345 Qrippe
654 2266 726 2318 non
748 2243 791 2316 eb
812 2259 974 2332 rentum,
1004 2262 1044 2314 ut
1068 2242 1240 2320 serenam

254 2374 283 2410 ‘⁶
300 2366 474 2465 Principis
490 2363 754 2464 opperirentur:
780 2360 973 2474 insontibus
995 2361 1140 2436 innoxia
1156 2389 1241 2436 con·
1324 2432 1326 2444 ,

255 2483 284 2532 “
302 2486 395 2574 siliat
421 2483 562 2586 flagitiis
581 2483 784 2576 manifestis,
812 2483 1002 2560 subsidium
1026 2485 1072 2557 ab
1097 2483 1241 2558 audacia

254 2617 282 2656 ‘⁶
300 2611 515 2707 petendum:
558 2601 672 2680 adesse
706 2605 860 2680 conscios
903 2605 998 2704 paria
1034 2593 1240 2682 metuentes.
1356 2688 1359 2695 ,

253 2738 282 2774 “
298 2732 340 2804 Se
356 2725 530 2822 celibem,
543 2731 685 2818 orbum,
699 2727 874 2826 nuptiis&
892 2727 1094 2824 adoptando
1107 2726 1241 2800 Eritan·
1330 2767 1350 2810 ι,

255 2856 284 2892 “
303 2850 383 2924 nico
410 2869 595 2949 paratum:
627 2841 824 2950 mansuram
856 2848 1019 2921 eamdem
1045 2847 1241 2922 Messalina

256 2976 284 3058 ,⁴⁶
303 2970 508 3067 potentiam,
551 2971 669 3045 addita
709 2968 902 3059 securitate,
946 2971 969 3041 sr
1010 2969 1243 3066 praevenirent

257 3099 284 3134 “
302 3089 507 3182 Claudium,
534 3113 575 3165 ut
607 3091 736 3166 rnndris
765 3090 960 3181 incautum,
996 3089 1044 3162 ita
1070 3088 1129 3163 itae
1160 3115 1241 3188 pro·

254 3219 282 3258 “
301 3215 463 3310 perum.”
527 3213 685 3310 segniter
717 3214 772 3286 hae
805 3233 911 3286 voces
950 3229 1117 3308 acceptae,
1167 3227 1249 3290 nott,

256 3351 377 3408 amore
393 3332 429 3405 in
454 3331 629 3422 maritum,
654 3332 712 3406 sed
730 3355 774 3406 ne
789 3331 905 3422 Silius,
929 3329 1065 3406 summa
1080 3333 1239 3431 adeptus,
1272 3403 1276 3422 ,

257 3452 430 3551 sperneret
446 3454 663 3540 adulteram
680 3452 856 3551 scelusque
872 3453 961 3525 inter
976 3452 1143 3550 ancipitia
1158 3478 1242 3552 pro-

257 3577 396 3666 batum,
421 3574 510 3649 veris
527 3597 613 3650 mox
631 3574 745 3672 pretiis
761 3574 959 3650 aestimaret:
978 3593 1107 3648 nornen
1124 3593 1244 3650 tamen

258 3695 479 3772 matrimonii·
498 3693 727 3794 concupivit;
761 3698 809 3770 ob
841 3695 1123 3794 magnitudinem
1156 3695 1243 3770 infa-

260 3815 356 3910 miae,
384 3816 481 3921 cujus
497 3819 593 3918 apud
621 3815 788 3916 prodigos
805 3804 986 3922 novissima
1002 3817 1165 3916 voluptas
1182 3815 1242 3890 est.
