3120 4860
347 373 420 442 214
580 344 1153 424 GConnnarrTAerrt

350 533 379 570 “
398 525 510 618 Ergo,
543 521 644 593 utin
673 519 815 619 privatis
841 521 1142 598 necesfitudinibus
1164 519 1335 620 proxima

278 713 280 723 ,
351 641 546 742 “pignora
571 645 810 738 praevalerent,
844 644 891 716 ita
919 647 1092 742 populum
1121 647 1335 718 Romanum

349 771 377 806 “
395 759 470 834 vim
512 761 700 860 plurimam
745 766 895 851 habere;.
943 766 1209 863 parendumque
1248 761 1332 836 reti·

350 891 379 928 “
397 881 531 956 nenti.'’
579 886 673 958 Haec
698 905 804 984 atque
828 885 909 960 talia
926 886 1022 984 plebi
1036 885 1198 966 ‘volentia
1219 882 1332 974 fuere,

349 1008 576 1102 voluptatum
592 1005 774 1104 cupidine,
805 1011 855 1098 u,
881 1034 960 1107 quae
977 1007 1154 1106 praecipua
1170 1033 1253 1081 cura
1269 1005 1333 1096 est,

341 1127 399 1200 ‘rei
416 1127 647 1202 frumentaria
680 1128 867 1226 angustias,
903 1133 926 1202 sr
968 1131 1109 1220 abellet,
1153 1125 1333 1202 metuenti.

350 1252 493 1324 Senatus
523 1254 557 1322 δι
587 1249 755 1348 primores
780 1249 817 1322 in
843 1249 974 1324 incerto
998 1271 1107 1341 erant,
1143 1249 1265 1348 procul
1288 1273 1356 1334 an,

350 1371 474 1446 corim
504 1370 652 1444 atrocior
679 1373 890 1446 haberetur:
930 1370 1073 1463 dehinc,
1108 1397 1187 1468 quae
1214 1387 1337 1442 natura

350 1491 489 1591 magnis
507 1490 701 1581 timoribus,
732 1489 881 1564 deterius
899 1493 1101 1581 credebant,
1131 1490 1230 1588 quod
1254 1513 1335 1592 eve3

351 1631 458 1686 nerar.

400 1731 591 1805 XXXVII.
633 1731 718 1802 lese
753 1729 825 1826 qud
859 1731 967 1806 fidem
1000 1729 1215 1828 adquireret,
1246 1729 1342 1804 nihil

336 1851 498 1950 usquam
523 1849 667 1947 perinde
684 1849 805 1923 laetum
822 1851 903 1937 srbi3
936 1849 1085 1948 publicis
1102 1851 1188 1926 locis
1205 1850 1342 1926 struere
1384 1871 1387 1879 '

293 1973 298 1982 '
350 1971 529 2062 convivia,
546 1971 690 2067 totique
706 1972 807 2054 Urbe
824 1973 918 2070 quafi
939 1973 1049 2045 domo
1067 1971 1129 2046 uti.
1181 1973 1229 2045 Et
1245 1972 1340 2045 eele-

341 2093 512 2170 berrimae
525 2094 615 2169 luxu
631 2086 795 2187 famique
817 2093 929 2188 epulae
946 2090 1058 2184 fuere,
1077 2119 1164 2191 quas
1180 2119 1201 2168 a
1215 2091 1340 2191 Tigel-

351 2217 427 2292 lino
456 2233 603 2316 paratas,
633 2231 674 2284 ut
703 2214 923 2309 exemplum,
953 2211 1115 2306 referam,
1152 2239 1197 2288 ne
1218 2213 1340 2312 laepius

319 2365 323 2374 ’
354 2337 479 2412 eadem
503 2331 721 2433 prodigentia
737 2334 906 2408 narranda
923 2337 971 2408 fit.
1022 2334 1134 2433 Igitur
1157 2335 1194 2410 in
1216 2335 1342 2434 stagno

354 2455 526 2556 Agrippae
553 2452 739 2528 fabricatus
770 2454 818 2528 est
848 2473 973 2546 ratem,
1005 2455 1061 2530 cui
1088 2454 1341 2555 superpositum

354 2575 559 2652 convivium
594 2574 742 2649 aliarum
777 2577 888 2650 tractu
927 2576 1072 2650 navium
1110 2597 1340 2652 moveretur:

355 2723 461 2772 naves
474 2721 559 2768 auro
576 2699 609 2767 δι
627 2697 732 2768 ebore
748 2695 939 2772 distinctae:
958 2695 1177 2798 *remigesque
1193 2697 1341 2789 exoleti,

354 2845 417 2917 per
430 2836 547 2890 aetates
565 2820 598 2888 δι
615 2813 793 2890 scientiam
817 2816 1007 2892 libidinum
1025 2820 1340 2916 componebantur.

355 2940 525 3012 Volucres
542 2939 576 3008 δι
593 2935 682 3010 feras
698 2936 837 3012 diverfis
853 2963 873 3011 e
894 2939 1005 3030 terris,
1031 2944 1065 3014 de
1087 2940 1249 3016 animalia
1262 2967 1338 3016 ma-

357 3059 403 3132 ris
422 3059 565 3133 Oceano
582 3059 734 3156 abusque
752 3057 929 3156 petiverat.
972 3057 1218 3159 Crepidinib'us
1232 3061 1343 3161 stagni

358 3179 537 3277 lupanaria
555 3174 747 3269 adstabant,
772 3179 969 3255 inlustribus
987 3179 1125 3258 feminis
1143 3183 1339 3282 completa:
1370 3241 1377 3260 t

359 3299 529 3378 &contra
543 3299 653 3374 scorta
665 3299 875 3392 visebantur,
888 3302 992 3387 nudis
1011 3305 1226 3403 corporibus.
1261 3307 1344 3399 Jam

359 3420 476 3520 gestus
507 3420 690 3519 motusque
714 3419 851 3496 obsceni
863 3452 874 3509 ;
908 3429 956 3513 δι,
981 3407 1165 3524 postquam
1189 3425 1343 3504 tenebrae

361 3526 586 3633 incedebant,
602 3561 773 3641 quantum
779 3541 882 3640 juxta
895 3545 1061 3636 nemoris,
1077 3539 1346 3638 &circumjecta

361 3665 465 3753 tecta,
503 3661 692 3738 consonare
726 3684 829 3738 cantu
862 3669 896 3738 δι
928 3665 1119 3740 luminibus
1148 3660 1354 3746 clarescere,

365 3785 455 3898 Iple,
474 3810 533 3896 per
546 3783 641 3861 licita
657 3804 762 3898 atque
782 3785 913 3870 inlicita
929 3786 1092 3878 foedatus
1111 3783 1206 3868 nihil.
1222 3782 1347 3894 flagitii
