3076 4868
266 433 289 496 ’κ
367 392 412 464 66
558 382 909 458 C.Con1raurr
951 375 1151 456 Tncrrr

364 580 432 636 tate
459 555 669 655 inspeciem
694 556 845 630 liberum
870 555 1011 656 cultus,
1024 554 1192 654 primores
1214 557 1351 629 Arme-

365 681 504 756 niorum
520 680 565 752 ad
581 704 632 752 res
653 699 759 752 novas
783 673 908 767 inlicit,
934 675 1058 775 ignaro
1075 679 1109 748 δι
1129 693 1273 750 ornante
1290 673 1351 748 in-

363 800 463 900 super
479 798 698 888 Mithridate,

412 923 530 996 XLV.
571 909 976 994 Rucoucrirnrrours
1003 915 1116 1016 specie
1146 912 1349 1016 adsumpta,

363 1044 532 1140 regressus
554 1041 599 1114 ad
624 1060 771 1138 patrem,
803 1047 830 1082 “
849 1066 927 1138 quae
950 1035 1078 1113 fraude'
1093 1037 1222 1114 consiti
1238 1057 1351 1136 potu-

365 1171 394 1207 “
412 1162 514 1254 erint,
541 1163 726 1259 prompta”
759 1161 909 1252 nuntiat,
938 1167 967 1202 “
985 1179 1099 1234 cetera
1117 1159 1224 1232 armis·
1247 1157 1349 1232 exse-

326 1301 328 1311 ’
366 1291 395 1328 “
413 1284 587 1382 quenda.''
648 1281 792 1356 Interim
829 1279 1074 1356 Pharasmanes
1110 1279 1194 1354 belli
1228 1276 1350 1352 causas
1440 1307 1441 1310 ¹

364 1403 564 1503 confingit:
586 1402 804 1500 “proelianti
821 1401 882 1474 fibi
893 1403 1058 1476 adversus
1077 1405 1218 1500 Regem
1235 1401 1350 1474 Albas

332 1615 334 1620 Δ
363 1533 393 1572 “
412 1551 552 1613 norum,
571 1529 606 1596 rc
624 1525 807 1594 Romanos
822 1519 951 1610 auxilio
968 1520 1107 1594 vocanti
1127 1521 1267 1595 fratrem
1283 1521 1351 1596 ad*
1510 1531 1511 1552 ¹

365 1654 394 1689 “
412 1644 584 1716 versatum
596 1661 613 1726 ς’
633 1664 783 1736 eamque
810 1637 971 1736 injuriam
997 1639 1136 1714 excidio
1163 1641 1268 1738 ipsrus
1288 1644 1351 1730 ul-

334 1757 340 1766 ’
365 1768 489 1838 “tum
509 1759 676 1836 iturum.''
725 1758 836 1833 Simul
864 1785 1008 1858 magnas
1031 1755 1159 1858 copiae
1173 1760 1248 1834 filio
1275 1779 1348 1836 tra-

238 1871 242 1878 ’
275 1979 276 1984 ¹
358 1880 465 1960 didit.
515 1880 579 1954 Isse
595 1879 796 1978 inruptione
807 1879 917 1954 subiti
932 1879 1105 1972 territum,
1124 1901 1350 1980 exutumque

363 2002 500 2102 campis
517 2001 776 2093 Mithridaten,
795 1999 967 2099 compulit
994 2001 1030 2076 in
1046 2001 1226 2076 castellum
1250 2000 1350 2075 Gor-

365 2150 470 2216 neas,
491 2144 609 2199 tutum
625 2125 718 2216 loco,
746 2149 786 2206 ac
807 2122 962 2222 praesidio
979 2121 1145 2214 militurn,
1170 2122 1250 2222 quis
1267 2123 1349 2198 Cae·

364 2243 434 2326 lius
459 2228 574 2320 Pollio
594 2242 788 2345 praefenus,
816 2229 973 2320 centurio
989 2243 1166 2342 Casperius
1189 2263 1349 2341 praerat,
1397 2277 1401 2284 ·

366 2367 470 2444 Nihil
486 2387 558 2442 tam
576 2367 739 2463 ignarum
756 2367 920 2456 barbaris,
939 2367 1048 2463 quarn
1064 2364 1350 2441 machinamenta

366 2493 402 2564 &
427 2487 518 2560 astus
544 2481 860 2578 oppugnationum.
911 2489 963 2556 At
986 2485 1087 2559 nobis
1104 2513 1145 2559 ea
1159 2512 1238 2583 pars
1253 2477 1348 2560 mili-'

365 2607 421 2680 tiae
447 2600 603 2678 maxime
624 2617 733 2699 gnara
755 2601 816 2674 est.
866 2601 919 2676 Ita
936 2604 1187 2676 Rhadamistus
1211 2602 1348 2696 fastra,
1387 2689 1389 2692 ,

365 2725 423 2798 vel
444 2709 528 2795 eum
549 2723 696 2813 damno,
718 2721 854 2796 tentatis
880 2721 1147 2814 munitionibus,
1172 2724 1349 2802 obfidium

208 2939 209 2946 ἵ
318 2929 320 2932 ,
365 2835 518 2938 incipit),
552 2843 599 2916 Et
617 2844 700 2917 cum
717 2842 769 2917 vis
788 2839 1036 2942 negligeretur,
1054 2843 1238 2919 avaritiam
1255 2867 1347 2942 prae·

291 3013 294 3022 ·
365 2961 445 3038 festi
456 2983 664 3076 emereatur,
683 2965 874 3040 obtestante
889 2965 1065 3064 Casperio,
1083 2991 1128 3039 ne
1143 2961 1253 3039 socius
1268 2965 1346 3062 r'ex,

367 3109 412 3157 ne
432 3083 782 3174 Armenia,·donum
810 3087 933 3184 populi
959 3085 1129 3177 Romani,
1159 3087 1283 3162 scelere
1312 3093 1347 3164 δι

367 3204 516 3304 pecunie
543 3222 767 3278 verterentur.
816 3205 1010 3298 Postremi),
1041 3207 1124 3306 quia
1151 3193 1346 3282 multitudi-

316 3421 319 3429 λ
365 3349 450 3400 nem
468 3323 619 3400 hostium
635 3325 761 3415 Pollio,
773 3323 862 3423 jussa
878 3327 983 3424 patris
1001 3328 1261 3417 Rhadamistus,
1280 3327 1353 3400 ob?

366 3445 570 3533 tendebant,
595 3447 714 3542 pastus
731 3445 901 3538 inducias,
919 3447 1094 3536 abscedit;
1112 3467 1153 3521 ut
1169 3447 1230 3521 nisr
1251 3448 1345 3522 Pha·

364 3563 544 3638 rasmanen
561 3567 654 3666 bello
672 3565 909 3659 absterruiffet‚
931 3554 978 3642 C.
996 3566 1224 3648 Ummidium
1246 3571 1345 3665 Qa-

364 3687 503 3760 dratum
533 3687 714 3784 praesidem
729 3687 853 3786 ,Syriae
885 3691 1039 3781 doceret,
1073 3713 1146 3787 quo
1182 3688 1220 3763 in
1255 3689 1345 3764 statu

188 3803 191 3810 ’
277 3862 280 3866 ·
350 3805 545 3884 ¹Armenia
562 3804 685 3882 forent.
