3076 4868
425 388 735 464 Annnnrnu
769 379 990 462 mxu
1175 407 1221 488 59

240 559 370 640 nostras
403 562 588 660 spreviffet.
637 563 697 636 Ne
730 565 858 636 Romae
893 559 1037 658 quidem
1068 559 1223 658 ignobile

243 683 423 760 Candaei
440 709 570 758 nornen
586 701 670 756 erat.
721 680 905 771 EtCaesar,
935 679 1023 756 dum
1039 679 1138 758 suum
1161 684 1222 756 de-

156 781 160 794 ’
242 831 303 880 cus
343 806 494 895 extorre,
534 803 670 878 addidit
708 802 855 900 gronam
897 803 1002 878 uno.
1068 804 1223 876 vocatus

245 926 392 1024 quippe,
435 945 474 1000 ut
511 925 556 998 ad
593 924 724 1021 insigne
762 921 1013 1019 spedaculunr,
1061 924 1222 1020 poprdus.

241 1044 373 1120 Stetere
400 1047 438 1120 in
470 1045 575 1120 armis
604 1043 770 1140 praetoriae
799 1044 971 1132 cohortes,
1006 1067 1133 1146 campo
1162 1042 1225 1140 qui

242 1166 352 1240 eastra
365 1165 534 1264 praejacet.
583 1162 696 1252 Tum,
721 1163 963 1237 incedentibus
989 1163 1091 1262 regiis
1109 1163 1222 1238 ¹clien-

244 1286 336 1375 telis‚
367 1287 518 1381 phalerae
545 1279 765 1381 torquesque,
791 1308 940 1380 quaeque
961 1284 1109 1356 externis
1125 1285 1224 1358 bellis

247 1409 439 1503 quaefierat‚
465 1406 640 1490 traduda3
663 1429 751 1476 mox
775 1403 908 1495 fratres,
936 1409 970 1476 δι
994 1401 1164 1498 conjunx,
1189 1409 1224 1478 δι

246 1525 340 1598 filia:
372 1523 542 1623 postremd
568 1523 641 1620 ipse
664 1523 864 1597 ostentatus.
915 1524 1123 1602 Ceterorum
1147 1548 1224 1620 pre-

243 1671 299 1720 ces
324 1647 511 1744 degeneres
537 1643 646 1734 fudre,
672 1670 716 1717 ex
741 1665 848 1718 metu.
901 1649 950 1718 At
973 1671 1046 1716 non
1063 1645 1224 1719 Caraua-

240 1793 314 1858 ωε,
340 1785 400 1840 aut
417 1768 517 1839 vultu
533 1764 693 1854 derniff0‚
712 1787 771 1838 aut
792 1764 921 1854 verbis,
955 1762 1222 1840 misericordiam

238 1888 429 1986 requirens,
456 1885 517 1960 ubi
542 1885 705 1959 tribunali
727 1886 869 1977 adstitit,
895 1885 932 1958 in
951 1888 1046 1960 hunc
1071 1887 1222 1960 modum

244 2007 451 2082 loeutusest.
494 2055 498 2064 -
763 2052 766 2065 ·

292 2127 484 2204 XXXVII.
512 2134 540 2170 “
560 2129 599 2200 S1
627 2149 795 2212 anurn
826 2123 987 2198 nobilitas
1021 2130 1055 2198 ὅτ
1073 2118 1227 2202 ¹fortune

244 2256 273 2306 ·“
292 2247 380 2322 mihi
404 2247 485 2337 fuit,
505 2264 601 2318 tanta
618 2271 734 2328 rerum
764 2243 1006 2343 prosperarum
1035 2245 1227 2320 moderatio

247 2377 274 2414 ‘⁴
292 2368 420 2460 suiffet,
449 2367 581 2440 amicus
609 2367 723 2464 potiris
752 2367 788 2438 in
812 2368 903 2440 hanc
934 2365 1085 2456 Urbem,
1115 2366 1226 2463 quim

247 2496 276 2533 “
294 2508 413 2586 captus
431 2487 615 2562 veriiffem:
646 2513 761 2586 neque
784 2487 993 2586 dedignatus
1017 2489 1100 2561 effes
1125 2487 1226 2562 daris

245 2608 476 2708 “majoribus
499 2628 629 2700 ortum,
654 2609 814 2708 pluribus
837 2607 999 2707 gentibus
1022 2606 1225 2704 imperitan-

245 2737 273 2774 “
291 2751 377 2821 tem,
402 2729 533 2804 foedere
550 2730 645 2828 pacis
662 2731 830 2828 accipere.
880 2727 1030 2802 Praesens
1047 2727 1115 2802 sors
1132 2754 1223 2819 mea,

194 2931 196 2936 ,
246 2857 274 2894 “
288 2869 329 2923 ut
349 2849 435 2922 mihi
459 2851 630 2943 informis,
659 2856 703 2925 fic
728 2852 792 2926 tibi
810 2849 1001 2948 magnifica
1023 2849 1090 2922 est:
1117 2851 1226 2926 habui

248 2977 277 3013 “
294 2993 418 3066 equos,
441 2970 548 3060 viros,
575 2997 686 3061 arma,
710 2996 814 3068 opes:
838 2971 1087 3069 quidtmirurn,
1113 2972 1228 3044 fihaee

246 3097 276 3136 “
293 3088 424 3162 invitus
441 3089 557 3162 amisi?
609 3093 708 3181 Non,
733 3095 755 3164 fi
773 3117 835 3164 vos
852 3092 1014 3166 omnibus
1030 3089 1228 3188 imperitare

245 3217 274 3256 “
292 3207 410 3300 vultis,
421 3208 573 3306 sequitur
585 3230 622 3283 ut
637 3237 758 3286 omnes
774 3209 971 3288 servitutem
988 3211 1167 3310 accipient.
1192 3211 1229 3286 Si

246 3335 274 3376 “
292 3330 411 3406 statim-
424 3329 561 3404 deditus
584 3333 753 3420 traderer3
780 3359 895 3432 neque
907 3358 986 3407 mea
1001 3333 1151 3423 fortuna,
1166 3357 1228 3404 ne·

248 3460 276 3496 “
295 3479 366 3550 que
393 3472 455 3525 tua
488 3451 600 3550 gloria
625 3451 842 3527 inclaruisset.
907 3453 1127 3552 Supplicium
1156 3450 1228 3525 mei

248 3578 277 3632 ἔ(
295 3573 431 3648 oblivio
457 3571 639 3672 sequetur:
668 3591 704 3645 at
730 3577 753 3646 fi
783 3573 1001 3648 incolumem
1027 3573 1227 3661 servaveris,

248 3699 466 3803 “kaeternum
491 3695 672 3793 exemplar
705 3695 900 3770 ciementiae
934 3697 1028 3768 ero.''
1093 3695 1156 3786 Ad
1187 3717 1228 3767 ea
1332 3709 1336 3714 ’
