3126 4864
345 373 394 474 96
554 363 1121 453 eſseonnann'rrem

343 546 507 644 Princeps
532 545 651 620 furtim
683 547 895 622 mulierculae
913 547 1098 639 tribuebat,
1124 546 1183 623 ille
1200 541 1318 648 palam
1377 567 1383 578 '

341 667 533 766 largiretur.
581 668 678 740 Turn
704 669 917 768 Agrippina,
947 671 1047 742 versis
1079 669 1224 760 artibus,
1253 691 1319 768 pet

341 785 581 868 blandimenta
612 783 782 885 juvenem
817 781 975 888 adgredi,
1019 797 1046 834 “
1070 787 1170 862 suum
1203 789 1318 887 potita

341 907 592 982 “cubiculum
620 935 661 982 ac
695 906 831 982 finum'’
868 910 990 982 offerre
1029 915 1055 951 “
1075 909 1313 1008 contegendis,

341 1035 371 1072 “
389 1056 468 1128 quae
486 1029 600 1126 prima
617 1049 712 1120 aetas,
728 1027 908 1108 &summa
924 1028 1064 1104 fortuna
1080 1032 1315 1127 expeterent.''

338 1149 436 1248 Qrin
462 1155 495 1224 lc
525 1148 697 1226 fatebatur
727 1157 754 1192 ‘⁴
768 1149 1048 1248 intempestivam
1061 1149 1314 1240 severitatem,’'

339 1271 527 1344 &suarum
557 1297 668 1370 opum
700 1298 779 1370 quae
806 1273 899 1344 haud
927 1273 1049 1368 procul
1080 1270 1316 1369 Imperatoriis

337 1393 495 1484 aberant,
527 1393 643 1492 copias
672 1389 854 1466 tradebat:
881 1411 921 1464 ut
949 1390 1058 1464 nimia
1084 1409 1195 1488 nuper
1218 1393 1314 1464 co'e‘r-
1410 1413 1413 1421 ’

338 1515 452 1588 cendo
485 1513 572 1602 filio,
600 1513 647 1591 ita
679 1510 810 1584 rursum
847 1509 1118 1605 intemperanter
1157 1510 1314 1602 demissa.

337 1634 428 1730 Qr'ae
456 1632 734 1728 mutationeque
752 1631 932 1702 Neronem
949 1626 1084 1718 fefellit,
1109 1632 1143 1700 δι
1160 1629 1315 1726 proximi

336 1751 530 1825 amicorum
564 1751 779 1838 metuebant,
803 1751 1016 1845 orabantque
1045 1755 1210 1822 “cavere
1233 1749 1312 1823 infi-

336 1849 457 1944 “dias
491 1867 806 1966 mulierisletnper
838 1868 976 1957 atrocis,
1005 1887 1083 1940 tum
1118 1873 1151 1942 &
1183 1867 1312 1942 falsae.''

336 1991 440 2067 Forte
468 1991 535 2066 illis
568 1990 690 2065 diebus
723 1989 849 2080 Caesar,
872 1973 1035 2086 'inspetto
1063 2009 1201 2080 ornatu,
1240 2017 1312 2087 quo

335 2113 537 2213 Principum
557 2109 723 2211 conjuges
751 2138 792 2186 ac
823 2131 977 2210 parentes
1010 2109 1218 2200 effulserant,
1251 2113 1313 2185 de·¹

335 2235 414 2336 ligit
431 2234 562 2310 vestem
590 2237 623 2306 ὅτ
653 2259 824 2332 gemmas,
854 2233 1013 2331 misitque
1029 2232 1164 2306 donum
1182 2232 1310 2307 matri:

335 2355 431 2432 nulla
462 2354 689 2455 parcimonia,
719 2355 801 2426 clun
820 2355 994 2452 praecipua
1029 2354 1207 2453 &cupita
1223 2354 1311 2444 aliis,

336 2478 431 2576 prior
446 2473 601 2548 deferret.
652 2473 720 2544 Sed
744 2459 956 2570 Agrippina*
970 2483 997 2516 “
1015 2501 1087 2546 non
1112 2477 1165 2548 his
1190 2475 1312 2548 instrui
1339 2575 1343 2580 Ι

334 2606 363 2642 “
382 2598 495 2672 cultus
512 2591 602 2682 suos,
629 2589 689 2664 sed
705 2591 826 2664 ceteris
842 2592 974 2665 arceri’'
1006 2595 1211 2689 proclamat,
1235 2603 1262 2638 “
1275 2601 1309 2670 lt

336 2723 364 2762 “
382 2713 536 2789 dividere
552 2711 677 2801 filiurn,
706 2738 784 2810 quae
815 2714 941 2785 cuneta
968 2737 1012 2786 ex
1039 2712 1113 2810 ipsa
1130 2715 1313 2788 haberet.”

332 2837 412 2910 Nec
428 2833 569 2912 demere
585 2832 646 2932 qui
663 2832 700 2906 in
716 2828 865 2906 deterius
882 2831 1053 2906 referrent.

312 2997 329 3060 .'
383 2957 482 3035 XIV.
510 2958 566 3038 Ep
586 2957 718 3046 Nono,
748 2951 899 3027 infensus
925 2953 979 3045 iis,
1006 2954 1134 3052 quibus
1151 2935 1336 3056 superbia'

226 3057 229 3067 ⁵
333 3075 512 3156 muliebris
544 3075 764 3165 innitebatur,
798 3076 965 3148 demovet
1002 3077 1195 3151 Pallantem
1228 3081 1310 3152 cura

256 3229 258 3234 ·
332 3223 463 3288 remm,
488 3197 566 3296 quls
592 3222 613 3269 a
640 3196 789 3270 Claudio
805 3195 996 3294 irnpofitus,
1028 3199 1124 3272 velut
1140 3200 1310 3275 arbitrum

278 3347 281 3352 ⁷
330 3317 430 3416 regni
470 3319 607 3416 agebat.
668 3315 944 3415 Ferebaturque,
986 3319 1211 3416 degrediente
1251 3345 1308 3409 eo,

261 3457 263 3462 '
332 3440 463 3537 magna
493 3434 775 3535 prosequentium
804 3436 1041 3528 multitudine,
1071 3426 1152 3510 non¹
1164 3437 1308 3511 absurde

332 3557 480 3630 dixisse:
510 3563 537 3599 “
552 3559 607 3630 Ire
623 3556 832 3648 Pallantem,
851 3578 889 3630 ut
916 3554 1093 3654 ejuraret.''
1142 3557 1230 3630 Sane
1248 3581 1309 3656 pe·

334 3677 465 3777 pigerat
482 3677 607 3768 Pallas,
619 3729 621 3738 ,
635 3684 663 3722 “
677 3701 721 3750 ne
739 3677 835 3776 cujus
851 3676 933 3752 faeti
961 3679 997 3751 in
1019 3677 1230 3776 praeteritum
1255 3679 1307 3751 in-

335 3807 362 3844 “
379 3819 630 3898 terrogaretur,
654 3798 818 3898 paresque
844 3799 992 3876 rationes
1021 3825 1103 3874 cum
1133 3799 1307 3900 republica
