3126 4864
315 365 317 372 ’
430 384 1009 497 AuunerusrLtu.X1V.
1163 394 1225 466 161

188 619 191 633 .
258 551 431 653 provisum
458 573 541 646 erat,
571 557 659 629 dum
679 554 872 630 amoenitati
895 554 1002 653 prius,
1027 554 1135 652 quam
1155 555 1231 630 usui

257 660 453 760 eonsulitur.

164 777 166 780 ⁵
261 839 267 848 ·
306 786 611 872 XXXIL'Inran
641 824 733 896 quae,
761 799 854 874 nulls
880 799 994 895 palam
1023 795 1137 888 causa,
1166 795 1228 872 de·

242 913 393 1011 lapsum
408 917 647 991 Camuloduni
664 919 883 992 simulacrum
900 917 1075 1007 Vinoriae,
1103 943 1145 990 ac
1174 943 1226 990 re-

257 1054 310 1110 tro
327 1034 547 1126 conversum,
565 1039 658 1134 quafi
674 1038 812 1112 cederet
828 1036 994 1112 hostibus.
1044 1039 1092 1110 Et
1124 1037 1225 1110 ferni-

255 1135 334 1246 nae,
359 1156 397 1229 in
421 1155 535 1230 furore
562 1160 722 1247 turbatae,
750 1164 777 1199 “
791 1157 902 1230 adeffe
919 1156 1089 1232 exitium”
1123 1185 1225 1232 cane-

256 1279 355 1352 bant.
405 1274 644 1373 Externosque
670 1276 827 1350 fremitus
845 1276 882 1350 in
900 1277 994 1352 curib
1016 1305 1139 1352 eorum
1167 1306 1228 1354 au-

257 1395 375 1481 ditos;
410 1395 622 1473 consonuiffe
633 1456 636 1464 ,
646 1397 834 1473 ululatibus
849 1399 1035 1487 theatrum,
1052 1397 1230 1495 visamque

257 1513 405 1612 speciem
437 1516 473 1588 in
505 1515 663 1590 aestuario
679 1515 835 1590 Tamesae
862 1514 1028 1590 subverse
1057 1519 1229 1605 coloniae3

249 1632 325 1731 jam
354 1638 533 1708 Oceanum
561 1656 703 1710 cruento
731 1627 894 1734 asperto:
926 1636 1100 1712 dilabente
1129 1639 1227 1730 aestu,

254 1741 489 1830 humanorum
505 1780 690 1854 corporum
708 1755 837 1854 effigies
854 1756 999 1847 serietas,
1018 1777 1057 1832 ut
1075 1757 1229 1834 Britanni

254 1875 300 1948 ad
315 1873 426 1971 spem,
453 1875 502 1949 ita
518 1876 672 1954 veterani
697 1878 742 1952 ad
768 1896 902 1954 metunt
918 1879 1110 1954 trahebant.
1160 1879 1229 1952 Sed
1245 1859 1256 1878 ⁶

254 1993 336 2092 quia
354 1998 476 2092 procul
491 1996 673 2070 Suetonius
689 1998 819 2084 aberat,
844 1995 997 2090 petivere
1013 2023 1033 2068 a
1049 1998 1138 2070 Cato
1154 2001 1228 2076 De-

252 2114 352 2188 ciano
380 2134 604 2212 procuratore
629 2113 810 2187 auxilium.
860 2114 924 2184 Ille
946 2114 1041 2184 haud
1061 2117 1226 2212 amplius,

253 2236 364 2332 quarn
381 2235 565 2322 ducentos,
589 2236 659 2305 fine
680 2231 782 2329 justis
798 2231 899 2306 armis
916 2231 1031 2305 mifit:
1069 2238 1102 2309 dt
1119 2235 1229 2312 inerat

254 2357 398 2430 modica·
427 2353 582 2428 militurn
609 2377 744 2428 manus.
793 2354 919 2428 Tutela
936 2352 1060 2450 templi
1077 2352 1165 2444 freti,
1194 2361 1228 2429 dt
1299 2379 1300 2382 ’

254 2473 539 2573 impedientibus,
579 2475 654 2574 qui,
688 2474 824 2550 occulte
857 2474 1053 2549 rebellionis
1086 2475 1227 2568 conscii,

253 2597 392 2672 confilia
407 2599 607 2688 turbabant,
643 2621 757 2694 neque
773 2593 896 2670 foliam
914 2614 974 2670 aut
990 2596 1123 2679 vallum
1141 2623 1229 2694 prae·

252 2717 440 2808 duxerunt,
470 2743 585 2815 neque
600 2716 704 2796 motis
720 2714 857 2790 senibus
875 2720 907 2790 &
925 2714 1081 2807 feminis,
1100 2714 1229 2814 juven·

253 2857 308 2910 tus
334 2837 405 2910 sola
433 2837 577 2911 restitit:
603 2841 696 2935 quast
712 2837 829 2910 media
854 2831 940 2932 pace
969 2835 1112 2928 incauti,
1135 2839 1229 2910 mul-

253 2956 399 3030 titudine
414 2959 640 3032 barbarorum
657 2955 988 3030 circumveniuntur.
1040 2957 1087 3029 Et
1115 2977 1229 3032 cetera

256 3075 400 3174 quidem
427 3076 559 3172 impetu
586 3076 731 3172 direpta,
760 3096 820 3150 aut
847 3074 981 3152 incensa
1008 3074 1108 3154 sunt:
1137 3098 1227 3178 tern-

254 3197 368 3294 plum,
397 3195 434 3269 in
460 3221 532 3293 quo
548 3193 584 3268 se
600 3195 698 3270 miles
716 3196 999 3296 conglobaverat,
1028 3195 1139 3274 biduo
1163 3200 1228 3274 ob·
1253 3253 1254 3257 ,

254 3314 391 3407 sellum,
425 3335 749 3414 expugnatumque.
812 3319 860 3394 Et
892 3315 1003 3393 vietor
1034 3316 1228 3406 Britannus,

252 3435 377 3510 Petilio
393 3435 532 3526 Ceriali,
558 3437 672 3534 legato
689 3436 835 3534 legionis
852 3461 968 3527 nonae,
987 3436 1024 3510 in
1039 3433 1228 3512 subfidiunt

252 3556 451 3630 adventanti
469 3555 607 3646 obvius,
626 3555 716 3632 fudit
734 3555 925 3654 legionem,
957 3560 1006 3646 ὅτ,
1038 3558 1135 3654 quod
1166 3583 1228 3653 pe·

249 3675 381 3768 ditum,
408 3673 599 3750 interfecit:
634 3675 777 3750 Cerialis
806 3696 888 3748 cum
918 3670 1094 3771 eq'uitibus
1124 3680 1229 3752 evasit

251 3793 424 3902 incastra,
445 3803 478 3876 δι
496 3781 722 3876 munimentis
737 3793 894 3874 defensus
911 3794 969 3870 est.
1006 3797 1087 3893 Qua
1102 3797 1234 3912 elade,

718 3917 765 4006 M
