3006 4866
325 349 395 422 268
555 346 595 420 C.
628 345 896 418 Coxuanrr
926 342 1123 418 Tncrrr

323 520 527 616 complexa:
566 526 593 562 “
619 521 787 610 Nullos,''
813 519 941 617 inquit,
977 519 1157 615 “impios
1196 521 1304 611 deos,

326 651 354 686 “
371 641 480 720 nullas
508 640 727 730 devotiones:
757 667 822 714 nec
847 641 941 714 aliud
968 639 1164 713 infelicibus
1180 615 1302 739 preci,

323 769 350 853 {2‘
371 762 433 833 bus
451 760 628 850 invocavi,
648 762 754 858 quam
777 781 816 833 ut
836 763 930 834 hunc
951 760 1125 857 optimum
1143 781 1300 858 patrem,

324 889 351 930 “
369 902 422 971 tu,
455 881 580 971 Caesar,
608 907 685 970 vos,
719 902 843 978 patres,
867 867 1302 958 servaretis'incolumem.

323 1001 424 1074 “Sic
447 1027 617 1100 gemmas,
654 1007 687 1074 δι
721 1002 844 1090 vestes,
881 1006 914 1074 lle
948 1000 1127 1099 dignitatis
1143 989 1300 1099 infignia

323 1129 352 1167 “
370 1123 466 1213 dedi,
486 1124 678 1228 quomode,
703 1126 726 1203 [ι
752 1122 953 1220 sanguinem
977 1125 1010 1194 dt
1036 1123 1142 1194 vitam
1167 1121 1302 1219 popul·-v

322 1250 351 1290 “
370 1243 499 1324 ciffent,
549 1243 705 1320 Viderint
730 1243 797 1332 isti,
816 1245 960 1319 antehac
978 1241 1063 1314 mibi
1080 1241 1203 1340 ignoti,
1221 1267 1299 1339 quo

323 1364 509 1444 “nomine
537 1368 614 1452 sint,
640 1389 723 1461 quas
749 1383 836 1436 artes
852 1382 1055 1436 exerceant:
1084 1363 1179 1436 nulla
1208 1361 1296 1444 mihi
1335 1411 1338 1416 ·

323 1493 351 1528 “
370 1485 537 1582 Principis
554 1483 699 1573 menti0,
730 1483 790 1556 nisi
808 1484 895 1556 inter
908 1483 1059 1566 'numina
1075 1480 1150 1556 fuit.
1175 1483 1299 1557 Nescit

325 1614 352 1652 “
368 1627 485 1680 tamen
502 1603 711 1690 miserrimus
730 1623 847 1702 pater:
877 1606 911 1683 dc
939 1608 961 1676 sr
991 1603 1120 1685 crimen
1138 1604 1201 1695 est,
1226 1604 1299 1688 sola

324 1719 351 1774 ³⁶
369 1724 540 1823 deliqui.'’

369 1847 529 1920 XXXII.
555 1849 791 1934 Locrurrrrrs
810 1848 921 1920 adhue
938 1845 1202 1943 verba'excipit
1230 1847 1294 1922 So·

321 1993 441 2057 tanus,
467 1969 748 2066 proclamatque:
781 1976 807 2010 ‘⁴
826 1993 897 2040 non
912 1967 1008 2040 illam
1025 1967 1060 2039 in
1079 1965 1295 2064 provinciam

323 2097 349 2132 “
369 2088 485 2162 secum
504 2087 708 2186 profestum,
740 2115 810 2162 non
827 2091 952 2168 Plauto
970 2113 1032 2185 per
1048 2107 1183 2163 aetatem
1201 2087 1295 2169 nosci

324 2217 352 2252 “
371 2209 542 2307 potuilse:
582 2237 656 2294 non
688 2209 893 2283 criminibus
923 2197 1038 2290 mariti
1069 2234 1292 2284 connexam:

323 2339 350 2374 “
369 2331 486 2405 nimiae
512 2317 650 2412 tantbin
679 2330 815 2427 pietatis
832 2357 926 2404 ream
943 2329 1158 2427 separarent3
1193 2349 1296 2426 atque

324 2450 440 2550 “ipse
467 2477 728 2549 quamcumque
759 2449 885 2526 sortem
913 2450 1077 2526 subiret.''
1126 2449 1235 2523 Simul
1257 2449 1295 2524 in

322 2575 504 2670 amplexus
531 2571 740 2645 occurrentis
770 2573 849 2645 filiae
877 2575 1012 2662 ruebat,
1043 2559 1104 2648 nifi
1130 2567 1294 2667 interjedti

321 2695 456 2768 lidlores
474 2693 625 2792 utrisque
641 2691 852 2768 obstitiffeut.
902 2695 998 2766 Mox
1027 2691 1128 2772 datus
1149 2690 1292 2774 testibus

287 2844 291 2864 ⁸
321 2818 443 2888 locus:
472 2820 506 2888 &
536 2834 705 2920 quantum
731 2812 971 2892 misericordia:
1001 2811 1130 2886 saevitia
1157 2810 1293 2888 aecusa-

320 2937 422 3009 tionis
453 2956 684 3033 permoverat,
714 2954 849 3008 tantum
876 2933 933 3008 irae
955 2936 995 3006 P.
1017 2931 1185 3031 Egnatius
1201 2931 1294 3010 testis

320 3057 483 3131 concivit.
532 3057 648 3130 Cliens
673 3055 730 3129 hic
758 3054 892 3145 Sorani,
919 3060 952 3126 dr
981 3075 1064 3128 tunc
1086 3074 1222 3151 emptus
1248 3055 1295 3140 ad

319 3176 591 3274 opprimendum
609 3177 775 3266 amicum,
795 3175 1032 3249 auctoritatem
1055 3175 1178 3248 Stoica
1196 3175 1293 3248 sedtae

320 3293 537 3393 praeferebat,
556 3296 676 3380 habitu
694 3301 727 3368 ὅτ
752 3321 812 3369 ore
826 3295 870 3370 ad
888 3296 1150 3394 exprimendam
1168 3294 1293 3392 imagi·

319 3414 402 3489 nem
421 3416 554 3488 honesti
572 3417 757 3506 exercitus,
773 3418 924 3490 ceterbm
943 3416 1063 3490 animo
1076 3415 1292 3514 perfidiosus,

318 3537 498 3626 subdolus,
516 3535 695 3610 avaritiam
713 3543 746 3610 δι
765 3533 946 3615 libidinem
963 3539 1150 3618 occultans.
1200 3535 1293 3631 Qae

238 3726 241 3733 .
319 3657 504 3758 postquam
527 3657 672 3754 pecunia
701 3656 828 3731 reclusa
855 3656 945 3747 sunt,
968 3659 1065 3731 dedit
1090 3655 1292 3752 exemplum

321 3777 552 3889 praecavendi,
582 3781 762 3877 quomodo
801 3777 979 3862 fraudibus
1006 3779 1193 3868 involutos,
1232 3796 1294 3862 aue
