3120 4860
258 417 323 540 ’Ὢ
408 405 1035 494 Annit1uuL1n.XV.'
1118 415 1183 512 241

215 583 363 692 ginatus,
392 598 424 667 &
442 594 591 667 inridens
607 595 717 683 Ner0,
749 602 775 637 “
792 594 867 668 satis
884 591 1038 692 suppfflii
1055 595 1188 684 luille,'’
1277 586 1280 592 ¹

212 714 258 787 ait
287 722 314 798 ‘f
333 741 394 811 pro
411 709 522 811 epulis
540 710 809 788 consularibus.’'
934 719 939 726 ’
1120 715 1122 720 ’
1271 693 1277 706 ’

254 837 381 908 LXX.
408 835 513 908 Exin
533 837 589 907 M.
608 835 733 907 Annaei
751 837 888 909 Lucani
916 837 1047 910 caedem
1075 834 1185 930 impe-

211 973 275 1027 tat.
327 958 373 1043 ts,
394 959 587 1050 profluente
603 955 781 1052 sanguine,
811 956 872 1028 ubi
888 953 1065 1053 frigescere
1083 955 1186 1052 pedes

213 1074 417 1172 manusque,
449 1080 482 1148 &
512 1074 688 1176 paullatim
718 1078 762 1147 ab
787 1076 948 1148 extremis
977 1075 1098 1162 cedere
1119 1073 1185 1170 spi-

212 1194 333 1282 ritum,
359 1193 492 1266 fervido
510 1196 623 1269 adhuc
639 1197 686 1264 .&
709 1216 871 1290 compote
889 1195 1013 1266 mentis
1031 1197 1183 1290 pectore,

214 1313 390 1411 intelligit,
409 1315 603 1386 recordatus
621 1341 759 1386 carmen
778 1341 797 1386 a
814 1314 845 1385 se
858 1317 1100 1410 compositum,
1117 1339 1187 1409 quo

223 1429 441 1506 vulneratum
466 1433 613 1505 militem
642 1460 701 1530 per
721 1433 886 1529 ejusmodi
914 1433 1037 1506 mortis
1062 1433 1195 1531 imagi-t
1255 1501 1258 1510 ,
1349 1423 1354 1433 ’

213 1580 294 1626 nem
311 1554 429 1626 obiisse
445 1553 642 1643 tradiderat,
671 1553 786 1626 versus
809 1553 896 1650 ipsos
914 1553 1046 1638 retulit3
1078 1579 1187 1651 eaque

188 1711 192 1718 ·
212 1673 262 1746 illi
279 1673 437 1770 suprema,
449 1698 520 1745 vox
538 1673 613 1746 fuit.
663 1673 805 1746 Senecio
831 1673 974 1768 posthac
995 1677 1027 1745 &
1045 1673 1186 1770 Qrinti-

211 1815 308 1884 anus,
340 1799 373 1866 ὅτ
401 1793 578 1882 Scevinus,
608 1819 679 1865 non
708 1819 753 1865 ex
778 1792 891 1889 priore
919 1793 1000 1865 vitae
1026 1777 1185 1883 mollitia,
1280 1789 1282 1798 ’

212 1941 297 1988 mox
329 1905 453 2010 relic‘pui
483 1911 740 2009 conjuratorum
773 1913 916 2008 periere,
962 1915 1059 1986 nullo
1093 1913 1185 1987 facto

211 2033 348 2107 dictove
365 2033 605 2106 memorando.
623 2034 626 2039 ’

257 2155 395 2228 LXXI.
421 2154 495 2224 San
525 2150 692 2246 compleri
717 2149 855 2221 interim
872 2151 969 2223 Urbs
991 2149 1182 2243 funeribuS,

186 2269 187 2272 ¹
211 2273 423 2370 Capitolium
444 2269 620 2342 victimis:
649 2269 734 2341 alius
753 2269 840 2358 filio,
869 2269 971 2342 fratre
997 2270 1097 2360 alius,
1126 2293 1186 2345 aut
1250 2315 1253 2323 ν

211 2392 423 2490 propinqu0,
440 2411 499 2464 aut
512 2389 625 2462 amico
643 2389 838 2479 interfeclis,
853 2415 955 2487 agere
971 2411 1081 2488 grates
1098 2391 1186 2479 deis,

212 2537 334 2584 ornare
362 2513 461 2584 lauru
484 2512 645 2600 domum,
687 2537 801 2608 genua
829 2511 931 2608 ipfius
963 2511 1118 2600 advolvi,
1151 2515 1184 2584 St

210 2633 371 2704 dextram
393 2631 514 2705 osculis
540 2630 693 2729 fatigare.
744 2637 864 2728 Atque
886 2631 942 2704 ille
961 2632 1130 2730 gaudium
1147 2631 1185 2704 id

211 2755 366 2840 credens,
394 2751 543 2825 Antonii
566 2751 702 2825 Natalis
727 2756 759 2824 ἃ
788 2751 941 2825 Cervarii
963 2752 1100 2825 Proculi
1122 2750 1184 2824 fes·

80 2908 84 2916 ·
182 2872 317 2970 ⁸tinata
340 2872 467 2946 indicia
492 2867 970 2969 impunitate'remuneratur:
1000 2872 1184 2961 Milichus,

211 2992 364 3089 praemiis
386 2992 527 3082 ditatus,
552 2993 777 3088 Corfiruat'ort's
803 2993 863 3065 fibi
888 3017 1030 3081 nomen,
1050 2987 1186 3065 'Graeco
1270 2993 1275 3012 ⁴

212 3111 283 3210 ejus
300 3112 346 3185 rei
363 3116 548 3203 vocabum,
576 3112 773 3210 adsumpsit.
826 3109 1018 3185 Etribunis
1035 3114 1186 3185 Granius

213 3233 385 3322 Silvanus,
416 3234 576 3331 quamvis
604 3233 794 3324 absolutus,
825 3233 881 3306 sua
904 3258 1010 3305 mauu
1036 3233 1185 3306 ceciditz‘

213 3352 338 3427 Statius
366 3354 550 3427 Proximus
575 3354 728 3444 veniam,
757 3380 863 3451 quarn
880 3356 941 3427 ‘ab
975 3355 1187 3449 Imperatore

211 3493 405 3572 acceperat,
432 3474 578 3548 vanitate
595 3473 708 3547 exitiis
724 3474 887 3570 corrupit.x
935 3474 1044 3546 Exuti
1059 3475 1187 3547 dehinc

212 3595 389 3668 tribunatu
408 3594 611 3690 Pompeius,
637 3594 817 3667 Cornelius
841 3594 1025 3683 Martialis,
1045 3596 1186 3668 Flavius
1234 3668 1237 3671 .

213 3716 347 3812 Nepos,
367 3715 487 3789 Statius
505 3715 684 3788 Domitius
699 3745 709 3800 ;
748 3723 774 3756 “
794 3718 887 3811 quasi
903 3716 1100 3812 Principem
1117 3740 1187 3785 non

216 3835 411 3933 “quidem
440 3835 598 3926 odiffent,
632 3833 689 3909 sed
724 3856 840 3908 tamen
878 3835 1187 3914 existimarentur.'’
