<?xml version="1.0" encoding="UTF-8"?>
<!DOCTYPE html PUBLIC "-//W3C//DTD XHTML 1.0 Transitional//EN"
    "http://www.w3.org/TR/xhtml1/DTD/xhtml1-transitional.dtd">
<html xmlns="http://www.w3.org/1999/xhtml" xml:lang="en" lang="en">
 <head>
  <title>
</title>
<meta http-equiv="Content-Type" content="text/html;charset=utf-8" />
  <meta name='ocr-system' content='tesseract 3.04.00' />
  <meta name='ocr-capabilities' content='ocr_page ocr_carea ocr_par ocr_line ocrx_word'/>
</head>
<body>
  <div class='ocr_page' id='page_1' title='image "./ccorneliitaciti03freigoog_0303.png"; bbox 0 0 3006 4866; ppageno 0'>
   <div class='ocr_carea' id='block_1_1' title="bbox 324 377 1219 498">
    <p class='ocr_par' dir='ltr' id='par_1_1' title="bbox 324 377 1219 498">
     <span class='ocr_line' id='line_1_1' title="bbox 324 377 1219 498; baseline -0.007 -25"><span class='ocrx_word' id='word_1_1' title='bbox 324 417 396 498; x_wconf 72' lang='lat'><strong>302</strong></span> <span class='ocrx_word' id='word_1_2' title='bbox 490 393 1096 472; x_wconf 78' lang='lat' dir='ltr'><strong>C.ConnrrnrrTncrr1</strong></span> <span class='ocrx_word' id='word_1_3' title='bbox 1176 377 1219 399; x_wconf 47' lang='lat'><strong>&#39;¹</strong></span> 
     </span>
    </p>
   </div>
   <div class='ocr_carea' id='block_1_2' title="bbox 221 565 1324 3810">
    <p class='ocr_par' dir='ltr' id='par_1_2' title="bbox 221 565 1324 2604">
     <span class='ocr_line' id='line_1_2' title="bbox 374 565 1324 664; baseline -0.008 -16"><span class='ocrx_word' id='word_1_4' title='bbox 374 567 527 648; x_wconf 85' lang='lat' dir='ltr'>XXXV.</span> <span class='ocrx_word' id='word_1_5' title='bbox 569 569 797 646; x_wconf 76' lang='lat' dir='ltr'><strong>Hactenus</strong></span> <span class='ocrx_word' id='word_1_6' title='bbox 828 566 867 641; x_wconf 90' lang='lat' dir='ltr'><strong>in</strong></span> <span class='ocrx_word' id='word_1_7' title='bbox 897 566 1128 664; x_wconf 81' lang='lat' dir='ltr'><strong>Occidentem</strong></span> <span class='ocrx_word' id='word_1_8' title='bbox 1157 565 1324 642; x_wconf 86' lang='lat' dir='ltr'><strong>Germa-</strong></span> 
     </span>
     <span class='ocr_line' id='line_1_3' title="bbox 325 686 1324 788; baseline -0.008 -19"><span class='ocrx_word' id='word_1_9' title='bbox 325 693 419 769; x_wconf 81' lang='lat' dir='ltr'><strong>niam</strong></span> <span class='ocrx_word' id='word_1_10' title='bbox 444 687 620 764; x_wconf 85' lang='lat' dir='ltr'><strong>novimus.</strong></span> <span class='ocrx_word' id='word_1_11' title='bbox 670 693 713 766; x_wconf 93' lang='lat' dir='ltr'><strong>In</strong></span> <span class='ocrx_word' id='word_1_12' title='bbox 740 689 1028 788; x_wconf 76' lang='lat' dir='ltr'><strong>septemtrionem</strong></span> <span class='ocrx_word' id='word_1_13' title='bbox 1053 686 1188 787; x_wconf 85' lang='lat' dir='ltr'><strong>ingenti</strong></span> <span class='ocrx_word' id='word_1_14' title='bbox 1210 690 1324 761; x_wconf 85' lang='lat' dir='ltr'><strong>flexu</strong></span> 
     </span>
     <span class='ocr_line' id='line_1_4' title="bbox 324 810 1315 909; baseline -0.007 -21"><span class='ocrx_word' id='word_1_15' title='bbox 324 811 425 888; x_wconf 88' lang='lat' dir='ltr'><strong>redit.</strong></span> <span class='ocrx_word' id='word_1_16' title='bbox 474 816 531 886; x_wconf 88' lang='lat' dir='ltr'><strong>Ac</strong></span> <span class='ocrx_word' id='word_1_17' title='bbox 549 810 664 909; x_wconf 81' lang='lat' dir='ltr'><strong>primd</strong></span> <span class='ocrx_word' id='word_1_18' title='bbox 681 811 794 888; x_wconf 79' lang='lat' dir='ltr'><strong>statim</strong></span> <span class='ocrx_word' id='word_1_19' title='bbox 810 812 1031 885; x_wconf 86' lang='lat' dir='ltr'><strong>Chaucorum</strong></span> <span class='ocrx_word' id='word_1_20' title='bbox 1052 827 1150 908; x_wconf 71' lang='lat' dir='ltr'><strong>gens&#39;,</strong></span> <span class='ocrx_word' id='word_1_21' title='bbox 1180 835 1315 906; x_wconf 88' lang='lat' dir='ltr'><strong>quam-</strong></span> 
     </span>
     <span class='ocr_line' id='line_1_5' title="bbox 221 923 1312 1034; baseline -0.002 -26"><span class='ocrx_word' id='word_1_22' title='bbox 221 923 226 936; x_wconf 67' lang='grc'><em>’</em></span> <span class='ocrx_word' id='word_1_23' title='bbox 324 957 431 1034; x_wconf 87' lang='lat' dir='ltr'><strong>quam</strong></span> <span class='ocrx_word' id='word_1_24' title='bbox 448 931 594 1032; x_wconf 87' lang='lat' dir='ltr'><strong>incipiat</strong></span> <span class='ocrx_word' id='word_1_25' title='bbox 618 934 779 1022; x_wconf 86' lang='lat' dir='ltr'><strong>aFrisris‚</strong></span> <span class='ocrx_word' id='word_1_26' title='bbox 808 958 849 1006; x_wconf 90' lang='lat' dir='ltr'><strong>ac</strong></span> <span class='ocrx_word' id='word_1_27' title='bbox 868 953 1001 1030; x_wconf 88' lang='lat' dir='ltr'><strong>partem</strong></span> <span class='ocrx_word' id='word_1_28' title='bbox 1018 931 1126 1005; x_wconf 89' lang='lat' dir='ltr'><strong>litoris</strong></span> <span class='ocrx_word' id='word_1_29' title='bbox 1142 951 1312 1028; x_wconf 86' lang='lat' dir='ltr'><strong>occupet,</strong></span> 
     </span>
     <span class='ocr_line' id='line_1_6' title="bbox 324 1053 1313 1154; baseline -0.003 -25"><span class='ocrx_word' id='word_1_30' title='bbox 324 1055 501 1145; x_wconf 89' lang='lat' dir='ltr'><strong>omnium,</strong></span> <span class='ocrx_word' id='word_1_31' title='bbox 534 1081 620 1154; x_wconf 84' lang='lat' dir='ltr'><strong>quas</strong></span> <span class='ocrx_word' id='word_1_32' title='bbox 638 1053 796 1153; x_wconf 83' lang='lat' dir='ltr'><strong>exposui,</strong></span> <span class='ocrx_word' id='word_1_33' title='bbox 827 1054 985 1154; x_wconf 90' lang='lat' dir='ltr'><strong>gentium</strong></span> <span class='ocrx_word' id='word_1_34' title='bbox 1003 1053 1166 1128; x_wconf 87' lang='lat' dir='ltr'><strong>lateribus</strong></span> <span class='ocrx_word' id='word_1_35' title='bbox 1182 1056 1313 1128; x_wconf 90' lang='lat' dir='ltr'><strong>obten-</strong></span> 
     </span>
     <span class='ocr_line' id='line_1_7' title="bbox 322 1173 1315 1273; baseline -0.002 -23"><span class='ocrx_word' id='word_1_36' title='bbox 322 1177 430 1267; x_wconf 90' lang='lat' dir='ltr'><strong>ditur,</strong></span> <span class='ocrx_word' id='word_1_37' title='bbox 461 1179 574 1250; x_wconf 92' lang='lat' dir='ltr'><strong>donec</strong></span> <span class='ocrx_word' id='word_1_38' title='bbox 602 1177 639 1249; x_wconf 92' lang='lat' dir='ltr'><strong>in</strong></span> <span class='ocrx_word' id='word_1_39' title='bbox 655 1177 777 1250; x_wconf 90' lang='lat' dir='ltr'><strong>Cattos</strong></span> <span class='ocrx_word' id='word_1_40' title='bbox 792 1173 900 1273; x_wconf 90' lang='lat' dir='ltr'><strong>usque</strong></span> <span class='ocrx_word' id='word_1_41' title='bbox 921 1179 1080 1248; x_wconf 88' lang='lat' dir='ltr'><strong>srnuetur.</strong></span> <span class='ocrx_word' id='word_1_42' title='bbox 1128 1175 1224 1248; x_wconf 87' lang='lat' dir='ltr'><strong>Tam</strong></span> <span class='ocrx_word' id='word_1_43' title='bbox 1240 1173 1315 1248; x_wconf 85' lang='lat' dir='ltr'><strong>irn-</strong></span> 
     </span>
     <span class='ocr_line' id='line_1_8' title="bbox 228 1295 1315 1394; baseline -0.005 -20"><span class='ocrx_word' id='word_1_44' title='bbox 228 1347 232 1358; x_wconf 92' lang='lat'>·</span> <span class='ocrx_word' id='word_1_45' title='bbox 323 1297 485 1374; x_wconf 85' lang='lat' dir='ltr'><strong>mensum</strong></span> <span class='ocrx_word' id='word_1_46' title='bbox 517 1319 684 1372; x_wconf 88' lang='lat' dir='ltr'><strong>terrarum</strong></span> <span class='ocrx_word' id='word_1_47' title='bbox 717 1296 866 1394; x_wconf 89' lang='lat' dir='ltr'><strong>spatium</strong></span> <span class='ocrx_word' id='word_1_48' title='bbox 905 1323 978 1369; x_wconf 93' lang='lat' dir='ltr'><strong>non</strong></span> <span class='ocrx_word' id='word_1_49' title='bbox 1010 1314 1129 1369; x_wconf 90' lang='lat' dir='ltr'><strong>tenent</strong></span> <span class='ocrx_word' id='word_1_50' title='bbox 1166 1295 1315 1369; x_wconf 77' lang='lat' dir='ltr'><strong>tantum</strong></span> 
     </span>
     <span class='ocr_line' id='line_1_9' title="bbox 326 1416 1315 1515; baseline -0.005 -21"><span class='ocrx_word' id='word_1_51' title='bbox 326 1419 476 1510; x_wconf 85' lang='lat' dir='ltr'><strong>Chauci,</strong></span> <span class='ocrx_word' id='word_1_52' title='bbox 501 1416 559 1494; x_wconf 90' lang='lat' dir='ltr'><strong>sed</strong></span> <span class='ocrx_word' id='word_1_53' title='bbox 578 1424 611 1492; x_wconf 76' lang='grc' dir='ltr'><strong>ὅτ</strong></span> <span class='ocrx_word' id='word_1_54' title='bbox 630 1418 800 1515; x_wconf 86' lang='lat' dir='ltr'><strong>implent:</strong></span> <span class='ocrx_word' id='word_1_55' title='bbox 830 1419 980 1514; x_wconf 90' lang='lat' dir='ltr'><strong>populus</strong></span> <span class='ocrx_word' id='word_1_56' title='bbox 1008 1416 1097 1490; x_wconf 91' lang='lat' dir='ltr'><strong>inter</strong></span> <span class='ocrx_word' id='word_1_57' title='bbox 1113 1419 1315 1490; x_wconf 86' lang='lat' dir='ltr'><strong>Germanos</strong></span> 
     </span>
     <span class='ocr_line' id='line_1_10' title="bbox 326 1535 1316 1637; baseline -0.006 -21"><span class='ocrx_word' id='word_1_58' title='bbox 326 1540 568 1630; x_wconf 86' lang='lat' dir='ltr'><strong>nobiliffimus,</strong></span> <span class='ocrx_word' id='word_1_59' title='bbox 610 1539 741 1637; x_wconf 92' lang='lat' dir='ltr'><strong>quique</strong></span> <span class='ocrx_word' id='word_1_60' title='bbox 774 1537 1052 1636; x_wconf 85' lang='lat' dir='ltr'><strong>magnitudinem</strong></span> <span class='ocrx_word' id='word_1_61' title='bbox 1066 1545 1068 1548; x_wconf 81' lang='grc'><strong>’</strong></span> <span class='ocrx_word' id='word_1_62' title='bbox 1083 1537 1180 1612; x_wconf 90' lang='lat' dir='ltr'><strong>suam</strong></span> <span class='ocrx_word' id='word_1_63' title='bbox 1210 1535 1316 1610; x_wconf 91' lang='lat' dir='ltr'><strong>malit</strong></span> 
     </span>
     <span class='ocr_line' id='line_1_11' title="bbox 320 1657 1312 1759; baseline -0.004 -25"><span class='ocrx_word' id='word_1_64' title='bbox 320 1659 452 1759; x_wconf 67' lang='lat' dir='ltr'><strong>justitias</strong></span> <span class='ocrx_word' id='word_1_65' title='bbox 484 1661 595 1734; x_wconf 88' lang='lat' dir='ltr'><strong>tueri:</strong></span> <span class='ocrx_word' id='word_1_66' title='bbox 636 1664 704 1733; x_wconf 84' lang='lat' dir='ltr'><strong>stne</strong></span> <span class='ocrx_word' id='word_1_67' title='bbox 737 1657 942 1756; x_wconf 89' lang='lat' dir='ltr'><strong>cupiditate,</strong></span> <span class='ocrx_word' id='word_1_68' title='bbox 988 1663 1057 1732; x_wconf 83' lang='lat' dir='ltr'><strong>fine</strong></span> <span class='ocrx_word' id='word_1_69' title='bbox 1089 1657 1312 1754; x_wconf 73' lang='lat' dir='ltr'><strong>impotentid,</strong></span> 
     </span>
     <span class='ocr_line' id='line_1_12' title="bbox 326 1777 1311 1877; baseline -0.002 -23"><span class='ocrx_word' id='word_1_70' title='bbox 326 1780 433 1877; x_wconf 88' lang='lat' dir='ltr'><strong>quieti</strong></span> <span class='ocrx_word' id='word_1_71' title='bbox 447 1777 646 1877; x_wconf 80' lang='lat' dir='ltr'><strong>secretique,</strong></span> <span class='ocrx_word' id='word_1_72' title='bbox 661 1781 756 1854; x_wconf 90' lang='lat' dir='ltr'><strong>nulla</strong></span> <span class='ocrx_word' id='word_1_73' title='bbox 777 1800 969 1876; x_wconf 88' lang='lat' dir='ltr'><strong>provocant</strong></span> <span class='ocrx_word' id='word_1_74' title='bbox 986 1781 1090 1868; x_wconf 85' lang='lat' dir='ltr'><strong>bella,</strong></span> <span class='ocrx_word' id='word_1_75' title='bbox 1109 1777 1214 1852; x_wconf 87' lang='lat' dir='ltr'><strong>nullis</strong></span> <span class='ocrx_word' id='word_1_76' title='bbox 1229 1804 1311 1876; x_wconf 86' lang='lat' dir='ltr'><strong>rap-</strong></span> 
     </span>
     <span class='ocr_line' id='line_1_13' title="bbox 325 1899 1311 1998; baseline 0 -26"><span class='ocrx_word' id='word_1_77' title='bbox 325 1899 423 1973; x_wconf 90' lang='lat' dir='ltr'><strong>tibus</strong></span> <span class='ocrx_word' id='word_1_78' title='bbox 454 1921 513 1974; x_wconf 92' lang='lat' dir='ltr'><strong>aut</strong></span> <span class='ocrx_word' id='word_1_79' title='bbox 545 1900 735 1974; x_wconf 88' lang='lat' dir='ltr'><strong>latrociniis</strong></span> <span class='ocrx_word' id='word_1_80' title='bbox 763 1903 985 1998; x_wconf 86' lang='lat' dir='ltr'><strong>populantur.</strong></span> <span class='ocrx_word' id='word_1_81' title='bbox 1050 1901 1163 1998; x_wconf 91' lang='lat' dir='ltr'><strong>quue</strong></span> <span class='ocrx_word' id='word_1_82' title='bbox 1187 1900 1311 1998; x_wconf 85' lang='lat' dir='ltr'><strong>praeci-</strong></span> 
     </span>
     <span class='ocr_line' id='line_1_14' title="bbox 327 2019 1308 2133; baseline -0.001 -38"><span class='ocrx_word' id='word_1_83' title='bbox 327 2047 440 2120; x_wconf 89' lang='lat' dir='ltr'><strong>puurn</strong></span> <span class='ocrx_word' id='word_1_84' title='bbox 461 2021 598 2096; x_wconf 83' lang='lat' dir='ltr'><strong>virtutis</strong></span> <span class='ocrx_word' id='word_1_85' title='bbox 618 2047 658 2096; x_wconf 88' lang='lat' dir='ltr'><strong>ac</strong></span> <span class='ocrx_word' id='word_1_86' title='bbox 682 2021 813 2096; x_wconf 91' lang='lat' dir='ltr'><strong>virium</strong></span> <span class='ocrx_word' id='word_1_87' title='bbox 835 2041 1084 2133; x_wconf 85' lang='lat' dir='ltr'><strong>argumentum</strong></span> <span class='ocrx_word' id='word_1_88' title='bbox 1108 2019 1171 2110; x_wconf 86' lang='lat' dir='ltr'><strong>est,</strong></span> <span class='ocrx_word' id='word_1_89' title='bbox 1197 2020 1308 2120; x_wconf 81' lang='lat' dir='ltr'><strong>qudd,</strong></span> 
     </span>
     <span class='ocr_line' id='line_1_15' title="bbox 325 2140 1308 2242; baseline 0 -26"><span class='ocrx_word' id='word_1_90' title='bbox 325 2162 365 2216; x_wconf 92' lang='lat' dir='ltr'><strong>ut</strong></span> <span class='ocrx_word' id='word_1_91' title='bbox 382 2141 566 2240; x_wconf 81' lang='lat' dir='ltr'><strong>superiores</strong></span> <span class='ocrx_word' id='word_1_92' title='bbox 588 2163 709 2242; x_wconf 88' lang='lat' dir='ltr'><strong>agant,</strong></span> <span class='ocrx_word' id='word_1_93' title='bbox 736 2169 807 2217; x_wconf 93' lang='lat' dir='ltr'><strong>non</strong></span> <span class='ocrx_word' id='word_1_94' title='bbox 826 2169 888 2241; x_wconf 91' lang='lat' dir='ltr'><strong>per</strong></span> <span class='ocrx_word' id='word_1_95' title='bbox 904 2140 1040 2241; x_wconf 85' lang='lat' dir='ltr'><strong>injurias</strong></span> <span class='ocrx_word' id='word_1_96' title='bbox 1064 2140 1308 2240; x_wconf 89' lang='lat' dir='ltr'><strong>adsequuntur.</strong></span> 
     </span>
     <span class='ocr_line' id='line_1_16' title="bbox 326 2241 1307 2362; baseline -0.002 -25"><span class='ocrx_word' id='word_1_97' title='bbox 326 2241 495 2362; x_wconf 82' lang='lat' dir='ltr'><strong>Prompta</strong></span> <span class='ocrx_word' id='word_1_98' title='bbox 516 2283 634 2338; x_wconf 91' lang='lat' dir='ltr'><strong>tamen</strong></span> <span class='ocrx_word' id='word_1_99' title='bbox 649 2264 815 2339; x_wconf 91' lang='lat' dir='ltr'><strong>ornnibus</strong></span> <span class='ocrx_word' id='word_1_100' title='bbox 832 2291 940 2354; x_wconf 88' lang='lat' dir='ltr'><strong>arma,</strong></span> <span class='ocrx_word' id='word_1_101' title='bbox 966 2290 1021 2354; x_wconf 89' lang='lat' dir='ltr'><strong>ac,</strong></span> <span class='ocrx_word' id='word_1_102' title='bbox 1051 2266 1074 2336; x_wconf 90' lang='lat' dir='ltr'><strong>sr</strong></span> <span class='ocrx_word' id='word_1_103' title='bbox 1101 2289 1153 2336; x_wconf 90' lang='lat' dir='ltr'><strong>res</strong></span> <span class='ocrx_word' id='word_1_104' title='bbox 1182 2262 1307 2360; x_wconf 88' lang='lat' dir='ltr'><strong>poscat,</strong></span> 
     </span>
     <span class='ocr_line' id='line_1_17' title="bbox 328 2385 1308 2484; baseline -0.002 -24"><span class='ocrx_word' id='word_1_105' title='bbox 328 2385 525 2460; x_wconf 82' lang='lat' dir='ltr'><strong>exercitus:</strong></span> <span class='ocrx_word' id='word_1_106' title='bbox 562 2385 756 2483; x_wconf 90' lang='lat' dir='ltr'><strong>plurimum</strong></span> <span class='ocrx_word' id='word_1_107' title='bbox 784 2386 940 2460; x_wconf 89' lang='lat' dir='ltr'><strong>virorum</strong></span> <span class='ocrx_word' id='word_1_108' title='bbox 971 2403 1235 2484; x_wconf 87' lang='lat' dir='ltr'><strong>equorumque:</strong></span> <span class='ocrx_word' id='word_1_109' title='bbox 1274 2387 1308 2458; x_wconf 76' lang='lat' dir='ltr'><strong>bt</strong></span> 
     </span>
     <span class='ocr_line' id='line_1_18' title="bbox 328 2504 1294 2604; baseline -0.003 -25"><span class='ocrx_word' id='word_1_110' title='bbox 328 2504 580 2604; x_wconf 88' lang='lat' dir='ltr'><strong>quiescentibus</strong></span> <span class='ocrx_word' id='word_1_111' title='bbox 598 2505 719 2580; x_wconf 89' lang='lat' dir='ltr'><strong>eadem</strong></span> <span class='ocrx_word' id='word_1_112' title='bbox 744 2506 847 2580; x_wconf 88' lang='lat' dir='ltr'><strong>sama.</strong></span> <span class='ocrx_word' id='word_1_113' title='bbox 1292 2565 1294 2576; x_wconf 79' lang='grc'>,</span> 
     </span>
    </p>

    <p class='ocr_par' dir='ltr' id='par_1_3' title="bbox 233 2627 1310 3810">
     <span class='ocr_line' id='line_1_19' title="bbox 378 2627 1306 2722; baseline -0.002 -22"><span class='ocrx_word' id='word_1_114' title='bbox 378 2627 552 2700; x_wconf 87' lang='lat' dir='ltr'>XXXVI.</span> <span class='ocrx_word' id='word_1_115' title='bbox 577 2627 622 2698; x_wconf 82' lang='lat' dir='ltr'><strong>Iu</strong></span> <span class='ocrx_word' id='word_1_116' title='bbox 654 2627 758 2700; x_wconf 91' lang='lat' dir='ltr'><strong>latere</strong></span> <span class='ocrx_word' id='word_1_117' title='bbox 788 2627 1012 2702; x_wconf 85' lang='lat' dir='ltr'><strong>Chaucorum</strong></span> <span class='ocrx_word' id='word_1_118' title='bbox 1042 2628 1306 2722; x_wconf 88' lang='lat' dir='ltr'><strong>Cattorumque,</strong></span> 
     </span>
     <span class='ocr_line' id='line_1_20' title="bbox 329 2735 1306 2846; baseline -0.003 -24"><span class='ocrx_word' id='word_1_119' title='bbox 329 2745 491 2822; x_wconf 89' lang='lat' dir='ltr'><strong>Cherusci</strong></span> <span class='ocrx_word' id='word_1_120' title='bbox 508 2746 653 2820; x_wconf 84' lang='lat' dir='ltr'><strong>nimiam</strong></span> <span class='ocrx_word' id='word_1_121' title='bbox 670 2773 710 2822; x_wconf 90' lang='lat' dir='ltr'><strong>ac</strong></span> <span class='ocrx_word' id='word_1_122' title='bbox 727 2735 938 2821; x_wconf 84' lang='lat' dir='ltr'><strong>marcentem</strong></span> <span class='ocrx_word' id='word_1_123' title='bbox 955 2749 1016 2822; x_wconf 92' lang='lat' dir='ltr'><strong>diu</strong></span> <span class='ocrx_word' id='word_1_124' title='bbox 1040 2773 1162 2846; x_wconf 90' lang='lat' dir='ltr'><strong>pacem</strong></span> <span class='ocrx_word' id='word_1_125' title='bbox 1181 2745 1306 2820; x_wconf 83' lang='lat' dir='ltr'><strong>illares-</strong></span> 
     </span>
     <span class='ocr_line' id='line_1_21' title="bbox 329 2867 1305 2968; baseline -0.003 -25"><span class='ocrx_word' id='word_1_126' title='bbox 329 2869 382 2945; x_wconf 87' lang='lat' dir='ltr'><strong>srti</strong></span> <span class='ocrx_word' id='word_1_127' title='bbox 394 2867 610 2947; x_wconf 90' lang='lat' dir='ltr'><strong>nutrierunt:</strong></span> <span class='ocrx_word' id='word_1_128' title='bbox 629 2869 739 2966; x_wconf 91' lang='lat' dir='ltr'><strong>idque</strong></span> <span class='ocrx_word' id='word_1_129' title='bbox 748 2867 954 2966; x_wconf 88' lang='lat' dir='ltr'><strong>jucundius,</strong></span> <span class='ocrx_word' id='word_1_130' title='bbox 973 2870 1081 2968; x_wconf 73' lang='lat' dir='ltr'><strong>quam</strong></span> <span class='ocrx_word' id='word_1_131' title='bbox 1097 2869 1203 2944; x_wconf 90' lang='lat' dir='ltr'><strong>tutius</strong></span> <span class='ocrx_word' id='word_1_132' title='bbox 1219 2867 1305 2941; x_wconf 85' lang='lat' dir='ltr'><strong>suit:</strong></span> 
     </span>
     <span class='ocr_line' id='line_1_22' title="bbox 329 2989 1304 3090; baseline -0.005 -25"><span class='ocrx_word' id='word_1_133' title='bbox 329 2991 413 3090; x_wconf 87' lang='lat' dir='ltr'><strong>quia</strong></span> <span class='ocrx_word' id='word_1_134' title='bbox 438 2991 527 3064; x_wconf 89' lang='lat' dir='ltr'><strong>inter</strong></span> <span class='ocrx_word' id='word_1_135' title='bbox 552 2990 764 3088; x_wconf 86' lang='lat' dir='ltr'><strong>impotentes</strong></span> <span class='ocrx_word' id='word_1_136' title='bbox 793 2995 827 3064; x_wconf 77' lang='grc' dir='ltr'><strong>ὅτ</strong></span> <span class='ocrx_word' id='word_1_137' title='bbox 854 2992 990 3065; x_wconf 89' lang='lat' dir='ltr'><strong>validos</strong></span> <span class='ocrx_word' id='word_1_138' title='bbox 1016 2989 1102 3064; x_wconf 83' lang='lat' dir='ltr'><strong>falsd</strong></span> <span class='ocrx_word' id='word_1_139' title='bbox 1129 2989 1304 3088; x_wconf 87' lang='lat' dir='ltr'><strong>quiescas:</strong></span> 
     </span>
     <span class='ocr_line' id='line_1_23' title="bbox 329 3103 1310 3210; baseline -0.007 -23"><span class='ocrx_word' id='word_1_140' title='bbox 329 3113 394 3188; x_wconf 92' lang='lat' dir='ltr'><strong>ubi</strong></span> <span class='ocrx_word' id='word_1_141' title='bbox 426 3103 548 3187; x_wconf 68' lang='lat' dir='ltr'><strong>manu&#39;</strong></span> <span class='ocrx_word' id='word_1_142' title='bbox 562 3112 687 3210; x_wconf 93' lang='lat' dir='ltr'><strong>agitur,</strong></span> <span class='ocrx_word' id='word_1_143' title='bbox 718 3111 888 3185; x_wconf 88' lang='lat' dir='ltr'><strong>modestia</strong></span> <span class='ocrx_word' id='word_1_144' title='bbox 920 3139 961 3186; x_wconf 92' lang='lat' dir='ltr'><strong>ac</strong></span> <span class='ocrx_word' id='word_1_145' title='bbox 989 3111 1142 3209; x_wconf 87' lang='lat' dir='ltr'><strong>probitas</strong></span> <span class='ocrx_word' id='word_1_146' title='bbox 1170 3109 1310 3182; x_wconf 87' lang='lat' dir='ltr'><strong>nomina</strong></span> 
     </span>
     <span class='ocr_line' id='line_1_24' title="bbox 328 3221 1310 3330; baseline -0.006 -22"><span class='ocrx_word' id='word_1_147' title='bbox 328 3233 508 3330; x_wconf 89' lang='lat' dir='ltr'><strong>superioris</strong></span> <span class='ocrx_word' id='word_1_148' title='bbox 535 3230 622 3304; x_wconf 91' lang='lat' dir='ltr'><strong>sunt.</strong></span> <span class='ocrx_word' id='word_1_149' title='bbox 683 3234 736 3306; x_wconf 84' lang='lat' dir='ltr'><strong>Ita</strong></span> <span class='ocrx_word' id='word_1_150' title='bbox 768 3232 828 3329; x_wconf 91' lang='lat' dir='ltr'><strong>qui</strong></span> <span class='ocrx_word' id='word_1_151' title='bbox 845 3221 947 3306; x_wconf 59' lang='lat' dir='ltr'><strong>&#39;olim</strong></span> <span class='ocrx_word' id='word_1_152' title='bbox 986 3231 1118 3304; x_wconf 89' lang='lat' dir='ltr'><strong>“boni</strong></span> <span class='ocrx_word' id='word_1_153' title='bbox 1151 3229 1310 3327; x_wconf 77' lang='lat' dir='ltr'><strong>aequique</strong></span> 
     </span>
     <span class='ocr_line' id='line_1_25' title="bbox 233 3350 1306 3454; baseline -0.004 -28"><span class='ocrx_word' id='word_1_154' title='bbox 233 3447 235 3454; x_wconf 13' lang='grc' dir='ltr'><strong><em>γ</em></strong></span> <span class='ocrx_word' id='word_1_155' title='bbox 331 3361 360 3396; x_wconf 84' lang='grc'><strong>“</strong></span> <span class='ocrx_word' id='word_1_156' title='bbox 378 3350 576 3440; x_wconf 85' lang='lat' dir='ltr'><strong>Chenrsci,&#39;&#39;</strong></span> <span class='ocrx_word' id='word_1_157' title='bbox 604 3379 697 3426; x_wconf 91' lang='lat' dir='ltr'><strong>nunc</strong></span> <span class='ocrx_word' id='word_1_158' title='bbox 721 3353 891 3426; x_wconf 88' lang='lat' dir='ltr'><strong>“inertes</strong></span> <span class='ocrx_word' id='word_1_159' title='bbox 917 3380 957 3428; x_wconf 91' lang='lat' dir='ltr'><strong>ac</strong></span> <span class='ocrx_word' id='word_1_160' title='bbox 980 3353 1097 3426; x_wconf 91' lang='lat' dir='ltr'><strong>stulti’&#39;</strong></span> <span class='ocrx_word' id='word_1_161' title='bbox 1116 3365 1306 3425; x_wconf 87' lang='lat' dir='ltr'><strong>vocantur:</strong></span> 
     </span>
     <span class='ocr_line' id='line_1_26' title="bbox 330 3469 1308 3571; baseline -0.004 -25"><span class='ocrx_word' id='word_1_162' title='bbox 330 3472 439 3546; x_wconf 87' lang='lat' dir='ltr'><strong>Cattis</strong></span> <span class='ocrx_word' id='word_1_163' title='bbox 449 3471 637 3545; x_wconf 67' lang='lat' dir='ltr'><strong>nidoribus</strong></span> <span class='ocrx_word' id='word_1_164' title='bbox 649 3471 787 3546; x_wconf 88' lang='lat' dir='ltr'><strong>fortuna</strong></span> <span class='ocrx_word' id='word_1_165' title='bbox 798 3473 833 3546; x_wconf 91' lang='lat' dir='ltr'><strong>in</strong></span> <span class='ocrx_word' id='word_1_166' title='bbox 844 3473 1044 3571; x_wconf 86' lang='lat' dir='ltr'><strong>sapientiam</strong></span> <span class='ocrx_word' id='word_1_167' title='bbox 1056 3476 1158 3546; x_wconf 86' lang='lat' dir='ltr'><strong>ceffit.</strong></span> <span class='ocrx_word' id='word_1_168' title='bbox 1190 3469 1308 3544; x_wconf 71' lang='lat' dir='ltr'><strong>Tracti</strong></span> 
     </span>
     <span class='ocr_line' id='line_1_27' title="bbox 330 3589 1307 3692; baseline -0.005 -26"><span class='ocrx_word' id='word_1_169' title='bbox 330 3591 429 3666; x_wconf 71' lang='lat' dir='ltr'><strong>ruina</strong></span> <span class='ocrx_word' id='word_1_170' title='bbox 446 3589 701 3665; x_wconf 86' lang='lat' dir='ltr'><strong>Cheruscorum</strong></span> <span class='ocrx_word' id='word_1_171' title='bbox 720 3597 753 3665; x_wconf 73' lang='lat' dir='ltr'><strong>dc</strong></span> <span class='ocrx_word' id='word_1_172' title='bbox 771 3594 862 3684; x_wconf 86' lang='lat' dir='ltr'><strong>Fofi,</strong></span> <span class='ocrx_word' id='word_1_173' title='bbox 889 3595 1104 3690; x_wconf 85' lang='lat' dir='ltr'><strong>contermina</strong></span> <span class='ocrx_word' id='word_1_174' title='bbox 1123 3619 1220 3692; x_wconf 88' lang='lat' dir='ltr'><strong>gens,</strong></span> <span class='ocrx_word' id='word_1_175' title='bbox 1247 3592 1307 3662; x_wconf 60' lang='lat' dir='ltr'><strong>ad2</strong></span> 
     </span>
     <span class='ocr_line' id='line_1_28' title="bbox 330 3709 1309 3810; baseline -0.001 -25"><span class='ocrx_word' id='word_1_176' title='bbox 330 3709 501 3786; x_wconf 77' lang='lat' dir='ltr'><strong>versurum</strong></span> <span class='ocrx_word' id='word_1_177' title='bbox 527 3737 644 3784; x_wconf 88' lang='lat' dir='ltr'><strong>rerum</strong></span> <span class='ocrx_word' id='word_1_178' title='bbox 668 3738 713 3786; x_wconf 86' lang='lat' dir='ltr'><strong>ex</strong></span> <span class='ocrx_word' id='word_1_179' title='bbox 738 3739 842 3810; x_wconf 87' lang='lat' dir='ltr'><strong>aequo</strong></span> <span class='ocrx_word' id='word_1_180' title='bbox 864 3713 961 3806; x_wconf 90' lang='lat' dir='ltr'><strong>socii,</strong></span> <span class='ocrx_word' id='word_1_181' title='bbox 992 3715 1076 3790; x_wconf 81' lang='lat' dir='ltr'><strong>cbm</strong></span> <span class='ocrx_word' id='word_1_182' title='bbox 1094 3715 1130 3788; x_wconf 94' lang='lat' dir='ltr'><strong>in</strong></span> <span class='ocrx_word' id='word_1_183' title='bbox 1154 3710 1309 3788; x_wconf 75' lang='lat' dir='ltr'><strong>secundis</strong></span> 
     </span>
    </p>
   </div>
   <div class='ocr_carea' id='block_1_3' title="bbox 219 3829 643 3910">
    <p class='ocr_par' dir='ltr' id='par_1_4' title="bbox 219 3829 643 3910">
     <span class='ocr_line' id='line_1_29' title="bbox 219 3829 643 3910; baseline -0.024 2"><span class='ocrx_word' id='word_1_184' title='bbox 219 3851 223 3860; x_wconf 83' lang='lat'>‘</span> <span class='ocrx_word' id='word_1_185' title='bbox 327 3833 476 3910; x_wconf 86' lang='lat' dir='ltr'><strong>minores</strong></span> <span class='ocrx_word' id='word_1_186' title='bbox 494 3829 643 3905; x_wconf 82' lang='lat' dir='ltr'><strong>suiffent.</strong></span> 
     </span>
    </p>
   </div>
   <div class='ocr_carea' id='block_1_4' title="bbox 0 0 1515 4866">
    <p class='ocr_par' dir='ltr' id='par_1_5' title="bbox 0 0 1515 4866">
     <span class='ocr_line' id='line_1_30' title="bbox 0 0 1515 4866; baseline 0 0"><span class='ocrx_word' id='word_1_187' title='bbox 0 0 1515 4866; x_wconf 95' lang='lat' dir='ltr'><strong> </strong></span> 
     </span>
    </p>
   </div>
  </div>
 </body>
</html>
